@INPROCEEDINGS{Style-Var18-010,
   AUTHOR = {Rangel, Francisco and Rosso, Paolo and Brooke, Julian and Uitdenbogerd, Alexandra},
   SORTNAME = {Rangel, Francisco and Rosso, Paolo and Brooke, Julian and Uitdenbogerd, Alexandra},
   TITLE = {Cross-corpus Native Language Identification via Statistical Embedding}}
@INPROCEEDINGS{Style-Var18-009,
   AUTHOR = {Balusu, Murali Raghu Babu and Merghani, Taha and Eisenstein, Jacob},
   SORTNAME = {Balusu, Murali Raghu Babu and Merghani, Taha and Eisenstein, Jacob},
   TITLE = {Stylistic Variation in Social Media Part-of-Speech Tagging}}
@INPROCEEDINGS{Style-Var18-005,
   AUTHOR = {Hu, Hai and Li, Wen and KÃ¼bler, Sandra},
   SORTNAME = {Hu, Hai and Li, Wen and Kubler, Sandra},
   TITLE = {Detecting Syntactic Features of Translated Chinese}}
@INPROCEEDINGS{Style-Var18-011,
   AUTHOR = {Potash, Peter and Romanov, Alexey and Rumshisky, Anna},
   SORTNAME = {Potash, Peter and Romanov, Alexey and Rumshisky, Anna},
   TITLE = {Evaluating Creative Language Generation: The Case of Rap Lyric Ghostwriting}}
@INPROCEEDINGS{Style-Var18-003,
   AUTHOR = {Degaetano-Ortlieb, Stefania},
   SORTNAME = {Degaetano-Ortlieb, Stefania},
   TITLE = {Stylistic variation over 200 years of court proceedings according to gender and social class}}
