@INPROCEEDINGS{SemBEaR18-002,
   AUTHOR = {Kalouli, Aikaterini-Lida and Crouch, Richard},
   SORTNAME = {Kalouli, Aikaterini-Lida and Crouch, Richard},
   TITLE = {GKR: the Graphical Knowledge Representation for semantic parsing}}
@INPROCEEDINGS{SemBEaR18-004,
   AUTHOR = {Zerva, Chrysoula and Ananiadou, Sophia},
   SORTNAME = {Zerva, Chrysoula and Ananiadou, Sophia},
   TITLE = {Paths for uncertainty: Exploring the intricacies of uncertainty identification for news}}
@INPROCEEDINGS{SemBEaR18-005,
   AUTHOR = {Parde, Natalie and Nielsen, Rodney},
   SORTNAME = {Parde, Natalie and Nielsen, Rodney},
   TITLE = {Detecting Sarcasm is Extremely Easy ;-)}}
@INPROCEEDINGS{SemBEaR18-001,
   AUTHOR = {Ulinski, Morgan and Benjamin, Seth and Hirschberg, Julia},
   SORTNAME = {Ulinski, Morgan and Benjamin, Seth and Hirschberg, Julia},
   TITLE = {Using Hedge Detection to Improve Committed Belief Tagging}}
@INPROCEEDINGS{SemBEaR18-006,
   AUTHOR = {Habernal, Ivan},
   SORTNAME = {Habernal, Ivan},
   TITLE = {Computational Argumentation: A Journey Beyond Semantics, Logic, Opinions, and Easy Tasks}}
