@INPROCEEDINGS{SCLeM18-010,
   AUTHOR = {Shapiro, Pamela and Duh, Kevin},
   SORTNAME = {Shapiro, Pamela and Duh, Kevin},
   TITLE = {Morphological Word Embeddings for Arabic Neural Machine Translation in Low-Resource Settings}}
@INPROCEEDINGS{SCLeM18-013,
   AUTHOR = {Papay, Sean and Pad√≥, Sebastian and Vu, Ngoc Thang},
   SORTNAME = {Papay, Sean and Pado, Sebastian and Vu, Ngoc Thang},
   TITLE = {Addressing Low-Resource Scenarios with Character-aware Embeddings}}
@INPROCEEDINGS{SCLeM18-018,
   AUTHOR = {Ganu, Hrishikesh and P, Viswa Datha},
   SORTNAME = {Ganu, Hrishikesh and P, Viswa Datha},
   TITLE = {Fast Query Expansion on an Accounting Corpus using Sub-Word Embeddings}}
@INPROCEEDINGS{SCLeM18-017,
   AUTHOR = {Banerjee, Tamali and Bhattacharyya, Pushpak},
   SORTNAME = {Banerjee, Tamali and Bhattacharyya, Pushpak},
   TITLE = {Meaningless yet meaningful: Morphology grounded subword-level NMT}}
@INPROCEEDINGS{SCLeM18-012,
   AUTHOR = {Adouane, Wafia and Dobnik, Simon and Bernardy, Jean-Philippe and Semmar, Nasredine},
   SORTNAME = {Adouane, Wafia and Dobnik, Simon and Bernardy, Jean-Philippe and Semmar, Nasredine},
   TITLE = {A Comparison of Character Neural Language Model and Bootstrapping for Language Identification in Multilingual Noisy Texts}}
@INPROCEEDINGS{SCLeM18-011,
   AUTHOR = {El-Kishky, Ahmed and Xu, Frank and Zhang, Aston and Macke, Stephen and Han, Jiawei},
   SORTNAME = {El-Kishky, Ahmed and Xu, Frank and Zhang, Aston and Macke, Stephen and Han, Jiawei},
   TITLE = {Entropy-Based Subword Mining with an Application to Word Embeddings}}
@INPROCEEDINGS{SCLeM18-015,
   AUTHOR = {Malykh, Valentin},
   SORTNAME = {Malykh, Valentin},
   TITLE = {Robust Word Vectors: Embeddings for Noisy Texts}}
@INPROCEEDINGS{SCLeM18-016,
   AUTHOR = {Liu, Nelson F. and Levow, Gina-Anne and Smith, Noah A.},
   SORTNAME = {Liu, Nelson F. and Levow, Gina-Anne and Smith, Noah A.},
   TITLE = {Discovering Phonesthemes with Sparse Regularization}}
@INPROCEEDINGS{SCLeM18-014,
   AUTHOR = {Li, Bofang and Drozd, Aleksandr and Liu, Tao and Du, Xiaoyong},
   SORTNAME = {Li, Bofang and Drozd, Aleksandr and Liu, Tao and Du, Xiaoyong},
   TITLE = {Subword-level Composition Functions for Learning Word Embeddings}}
@INPROCEEDINGS{SCLeM18-021,
   AUTHOR = {Dudy, Shiran and Xu, Shaobin and Bedrick, Steven and Smith, David},
   SORTNAME = {Dudy, Shiran and Xu, Shaobin and Bedrick, Steven and Smith, David},
   TITLE = {A Multi-Context Character Prediction Model for a Brain-Computer Interface}}
@INPROCEEDINGS{SCLeM18-020,
   AUTHOR = {Salle, Alexandre and Villavicencio, Aline},
   SORTNAME = {Salle, Alexandre and Villavicencio, Aline},
   TITLE = {Incorporating Subword Information into Matrix Factorization Word Embeddings}}
