@INPROCEEDINGS{PEOPLES18-002,
   AUTHOR = {Vilares, David and Gómez-Rodríguez, Carlos},
   SORTNAME = {Vilares, David and Gomez-Rodriguez, Carlos},
   TITLE = {Grounding the Semantics of Part-of-Day Nouns Worldwide using Twitter}}
@INPROCEEDINGS{PEOPLES18-009,
   AUTHOR = {Bohra, Aditya and Vijay, Deepanshu and Singh, Vinay and Akhtar, Syed Sarfaraz and Shrivastava, Manish},
   SORTNAME = {Bohra, Aditya and Vijay, Deepanshu and Singh, Vinay and Akhtar, Syed Sarfaraz and Shrivastava, Manish},
   TITLE = {A Dataset of Hindi-English Code-Mixed Social Media Text for Hate Speech Detection}}
@INPROCEEDINGS{PEOPLES18-013,
   AUTHOR = {Chhaya, Niyati and Chawla, Kushal and Goyal, Tanya and Chanda, Projjal and Singh, Jaya},
   SORTNAME = {Chhaya, Niyati and Chawla, Kushal and Goyal, Tanya and Chanda, Projjal and Singh, Jaya},
   TITLE = {Frustrated, Polite, or Formal: Quantifying Feelings and Tone in Email}}
@INPROCEEDINGS{PEOPLES18-018,
   AUTHOR = {Durmus, Esin and Cardie, Claire},
   SORTNAME = {Durmus, Esin and Cardie, Claire},
   TITLE = {Understanding the Effect of Gender and Stance in Opinion Expression in Debates on ``Abortion''}}
@INPROCEEDINGS{PEOPLES18-017,
   AUTHOR = {Mora, Natalia and Lavid-López, Julia},
   SORTNAME = {Mora, Natalia and Lavid-Lopez, Julia},
   TITLE = {Building an annotated dataset of app store reviews with Appraisal features in English and Spanish}}
@INPROCEEDINGS{PEOPLES18-026,
   AUTHOR = {Hovy, Dirk},
   SORTNAME = {Hovy, Dirk},
   TITLE = {The Social and the Neural Network: How to Make Natural Language Processing about People again}}
@INPROCEEDINGS{PEOPLES18-023,
   AUTHOR = {Wood-Doughty, Zach and Andrews, Nicholas and Marvin, Rebecca and Dredze, Mark},
   SORTNAME = {Wood-Doughty, Zach and Andrews, Nicholas and Marvin, Rebecca and Dredze, Mark},
   TITLE = {Predicting Twitter User Demographics from Names Alone}}
@INPROCEEDINGS{PEOPLES18-022,
   AUTHOR = {Wood-Doughty, Zach and Mahajan, Praateek and Dredze, Mark},
   SORTNAME = {Wood-Doughty, Zach and Mahajan, Praateek and Dredze, Mark},
   TITLE = {Johns Hopkins or johnny-hopkins: Classifying Individuals versus Organizations on Twitter}}
@INPROCEEDINGS{PEOPLES18-011,
   AUTHOR = {Ahuja, Vikram and Bali, Taradheesh and Singh, Navjyoti},
   SORTNAME = {Ahuja, Vikram and Bali, Taradheesh and Singh, Navjyoti},
   TITLE = {What makes us laugh? Investigations into Automatic Humor Classification}}
@INPROCEEDINGS{PEOPLES18-019,
   AUTHOR = {Chan, Sophia and Fyshe, Alona},
   SORTNAME = {Chan, Sophia and Fyshe, Alona},
   TITLE = {Social and Emotional Correlates of Capitalization on Twitter}}
@INPROCEEDINGS{PEOPLES18-006,
   AUTHOR = {Gjurković, Matej and Šnajder, Jan},
   SORTNAME = {Gjurkovic, Matej and Snajder, Jan},
   TITLE = {Reddit: A Gold Mine for Personality Prediction}}
@INPROCEEDINGS{PEOPLES18-024,
   AUTHOR = {Alhuzali, Hassan and Abdul-Mageed, Muhammad and Ungar, Lyle},
   SORTNAME = {Alhuzali, Hassan and Abdul-Mageed, Muhammad and Ungar, Lyle},
   TITLE = {Enabling Deep Learning of Emotion With First-Person Seed Expressions}}
@INPROCEEDINGS{PEOPLES18-015,
   AUTHOR = {Tighe, Edward and Cheng, Charibeth},
   SORTNAME = {Tighe, Edward and Cheng, Charibeth},
   TITLE = {Modeling Personality Traits of Filipino Twitter Users}}
@INPROCEEDINGS{PEOPLES18-007,
   AUTHOR = {Lippincott, Tom and Carrell, Annabelle},
   SORTNAME = {Lippincott, Tom and Carrell, Annabelle},
   TITLE = {Observational Comparison of Geo-tagged and Randomly-drawn Tweets}}
@INPROCEEDINGS{PEOPLES18-014,
   AUTHOR = {Plank, Barbara},
   SORTNAME = {Plank, Barbara},
   TITLE = {Predicting Authorship and Author Traits from Keystroke Dynamics}}
@INPROCEEDINGS{PEOPLES18-027,
   AUTHOR = {Mencarini, Letizia},
   SORTNAME = {Mencarini, Letizia},
   TITLE = {The Potential of the Computational Linguistic Analysis of Social Media for Population Studies}}
