@INPROCEEDINGS{naacl2018-tutorials-043,
   AUTHOR = {Tsvetkov, Yulia and Prabhakaran, Vinodkumar and Voigt, Rob},
   SORTNAME = {Tsvetkov, Yulia and Prabhakaran, Vinodkumar and Voigt, Rob},
   TITLE = {Socially Responsible NLP}}
@INPROCEEDINGS{naacl2018-tutorials-008,
   AUTHOR = {Camacho-Collados, Jose and Espinosa Anke, Luis and Pilehvar, Mohammad Taher},
   SORTNAME = {Camacho-Collados, Jose and Espinosa Anke, Luis and Pilehvar, Mohammad Taher},
   TITLE = {The interplay between lexical resources and Natural Language Processing}}
@INPROCEEDINGS{naacl2018-tutorials-048,
   AUTHOR = {Ren, Xiang and Peng, Nanyun and Wang, William Yang},
   SORTNAME = {Ren, Xiang and Peng, Nanyun and Wang, William Yang},
   TITLE = {Scalable Construction and Reasoning of Massive Knowledge Bases}}
@INPROCEEDINGS{naacl2018-tutorials-014,
   AUTHOR = {Neubig, Graham and Allamanis, Miltiadis},
   SORTNAME = {Neubig, Graham and Allamanis, Miltiadis},
   TITLE = {Modelling Natural Language, Programs, and their Intersection}}
@INPROCEEDINGS{naacl2018-tutorials-033,
   AUTHOR = {Wen, Tsung-Hsien and Vulić, Ivan and Mrkšić, Nikola and Su, Pei-Hao},
   SORTNAME = {Wen, Tsung-Hsien and Vulic, Ivan and Mrksic, Nikola and Su, Pei-Hao},
   TITLE = {Deep Learning for Conversational AI}}
@INPROCEEDINGS{naacl2018-tutorials-034,
   AUTHOR = {Gardent, Claire and Narayan, Shashi},
   SORTNAME = {Gardent, Claire and Narayan, Shashi},
   TITLE = {Deep Learning Approaches to Text Production}}
