@INPROCEEDINGS{naacl-2018-industrial-track-1785,
   AUTHOR = {Jha, Rahul and Marin, Alex and Shivaprasad, Suvamsh and Zitouni, Imed},
   SORTNAME = {Jha, Rahul and Marin, Alex and Shivaprasad, Suvamsh and Zitouni, Imed},
   TITLE = {Bag of Experts Architectures for Model Reuse in Conversational Language Understanding (INDUSTRY)}}
@INPROCEEDINGS{naacl-2018-industrial-track-1761,
   AUTHOR = {Kollar, Thomas and Berry, Danielle and Stuart, Lauren and Owczarzak, Karolina and Chung, Tagyoung and Mathias, Lambert and Kayser, Michael and Snow, Bradford and Matsoukas, Spyros},
   SORTNAME = {Kollar, Thomas and Berry, Danielle and Stuart, Lauren and Owczarzak, Karolina and Chung, Tagyoung and Mathias, Lambert and Kayser, Michael and Snow, Bradford and Matsoukas, Spyros},
   TITLE = {The Alexa Meaning Representation Language (INDUSTRY)}}
@INPROCEEDINGS{naacl-2018-industrial-track-1716,
   AUTHOR = {Gangadharaiah, Rashmi and Narayanaswamy, Balakrishnan and Elkan, Charles},
   SORTNAME = {Gangadharaiah, Rashmi and Narayanaswamy, Balakrishnan and Elkan, Charles},
   TITLE = {What we need to learn if we want to do and not just talk (INDUSTRY)}}
@INPROCEEDINGS{naacl-2018-industrial-track-1786,
   AUTHOR = {Finley, Gregory and Salloum, Wael and Sadoughi, Najmeh and Edwards, Erik and Robinson, Amanda and Axtmann, Nico and Brenndoerfer, Michael and Miller, Mark and Suendermann-Oeft, David},
   SORTNAME = {Finley, Gregory and Salloum, Wael and Sadoughi, Najmeh and Edwards, Erik and Robinson, Amanda and Axtmann, Nico and Brenndoerfer, Michael and Miller, Mark and Suendermann-Oeft, David},
   TITLE = {From dictations to clinical reports using machine translation (INDUSTRY)}}
@INPROCEEDINGS{naacl-2018-industrial-track-1755,
   AUTHOR = {Niraula, Nobal Bikram and Whyatt, Daniel and Kao, Anne},
   SORTNAME = {Niraula, Nobal Bikram and Whyatt, Daniel and Kao, Anne},
   TITLE = {A Novel Approach to Part Name Discovery in Noisy Text (INDUSTRY)}}
@INPROCEEDINGS{naacl-2018-industrial-track-1731,
   AUTHOR = {Kreutzer, Julia and Khadivi, Shahram and Matusov, Evgeny and Riezler, Stefan},
   SORTNAME = {Kreutzer, Julia and Khadivi, Shahram and Matusov, Evgeny and Riezler, Stefan},
   TITLE = {Can Neural Machine Translation be Improved with User Feedback? (INDUSTRY)}}
@INPROCEEDINGS{naacl-2018-industrial-track-1750,
   AUTHOR = {Hopkinson, Andrew and Gurdasani, Amit and Palfrey, Dave and Mittal, Arpit},
   SORTNAME = {Hopkinson, Andrew and Gurdasani, Amit and Palfrey, Dave and Mittal, Arpit},
   TITLE = {Demand-Weighted Completeness Prediction for a Knowledge Base (INDUSTRY)}}
@INPROCEEDINGS{naacl-2018-industrial-track-1762,
   AUTHOR = {Kang, Yiping and Zhang, Yunqi and Kummerfeld, Jonathan K. and Tang, Lingjia and Mars, Jason},
   SORTNAME = {Kang, Yiping and Zhang, Yunqi and Kummerfeld, Jonathan K. and Tang, Lingjia and Mars, Jason},
   TITLE = {Data Collection for Dialogue System: A Startup Perspective (INDUSTRY)}}
@INPROCEEDINGS{naacl-2018-industrial-track-1719,
   AUTHOR = {Gaspers, Judith and Karanasou, Penny and Chatterjee, Rajen},
   SORTNAME = {Gaspers, Judith and Karanasou, Penny and Chatterjee, Rajen},
   TITLE = {Selecting Machine-Translated Data for Quick Bootstrapping of a Natural Language Understanding System (INDUSTRY)}}
@INPROCEEDINGS{naacl-2018-industrial-track-1733,
   AUTHOR = {Elsafty, Ahmed and Riedl, Martin and Biemann, Chris},
   SORTNAME = {Elsafty, Ahmed and Riedl, Martin and Biemann, Chris},
   TITLE = {Document-based Recommender System for Job Postings using Dense Representations (INDUSTRY)}}
@INPROCEEDINGS{naacl-2018-industrial-track-1783,
   AUTHOR = {Pivovarova, Lidia and Klami, Arto and Yangarber, Roman},
   SORTNAME = {Pivovarova, Lidia and Klami, Arto and Yangarber, Roman},
   TITLE = {Benchmarks and models for entity-oriented polarity detection (INDUSTRY)}}
@INPROCEEDINGS{naacl-2018-industrial-track-1760,
   AUTHOR = {Goyal, Anuj Kumar and Metallinou, Angeliki and Matsoukas, Spyros},
   SORTNAME = {Goyal, Anuj Kumar and Metallinou, Angeliki and Matsoukas, Spyros},
   TITLE = {Fast and Scalable Expansion of Natural Language Understanding Functionality for Intelligent Agents (INDUSTRY)}}
@INPROCEEDINGS{naacl-2018-industrial-track-1754,
   AUTHOR = {Quinn, Jerry and Ballesteros, Miguel},
   SORTNAME = {Quinn, Jerry and Ballesteros, Miguel},
   TITLE = {Pieces of Eight: 8-bit Neural Machine Translation (INDUSTRY)}}
@INPROCEEDINGS{naacl-2018-industrial-track-1721,
   AUTHOR = {Mehrabani, Mahnoosh and Thomson, David and Stern, Benjamin},
   SORTNAME = {Mehrabani, Mahnoosh and Thomson, David and Stern, Benjamin},
   TITLE = {Practical Application of Domain Dependent Confidence Measurement for Spoken Language Understanding Systems (INDUSTRY)}}
@INPROCEEDINGS{naacl-2018-industrial-track-1753,
   AUTHOR = {Mathur, Prashant and Ueffing, Nicola and Leusch, Gregor},
   SORTNAME = {Mathur, Prashant and Ueffing, Nicola and Leusch, Gregor},
   TITLE = {Multi-lingual neural title generation for e-Commerce browse pages (INDUSTRY)}}
@INPROCEEDINGS{naacl-2018-industrial-track-1779,
   AUTHOR = {Chiticariu, Laura and Danilevsky, Marina and Li, Yunyao and Reiss, Frederick and Zhu, Huaiyu},
   SORTNAME = {Chiticariu, Laura and Danilevsky, Marina and Li, Yunyao and Reiss, Frederick and Zhu, Huaiyu},
   TITLE = {SystemT: Declarative Text Understanding for Enterprise (INDUSTRY)}}
@INPROCEEDINGS{naacl-2018-industrial-track-1776,
   AUTHOR = {Mitcheltree, Christopher and Wharton, Veronica and Saluja, Avneesh},
   SORTNAME = {Mitcheltree, Christopher and Wharton, Veronica and Saluja, Avneesh},
   TITLE = {Using Aspect Extraction Approaches to Generate Review Summaries and User Profiles (INDUSTRY)}}
@INPROCEEDINGS{naacl-2018-industrial-track-1751,
   AUTHOR = {Shah, Kashif and Kopru, Selcuk and Ruvini, Jean David},
   SORTNAME = {Shah, Kashif and Kopru, Selcuk and Ruvini, Jean David},
   TITLE = {Neural Network based Extreme Classification and Similarity Models for Product Matching (INDUSTRY)}}
@INPROCEEDINGS{naacl-2018-industrial-track-1769,
   AUTHOR = {Kim, Young-Bum and Kim, Dongchan and Kim, Joo-Kyung and Sarikaya, Ruhi},
   SORTNAME = {Kim, Young-Bum and Kim, Dongchan and Kim, Joo-Kyung and Sarikaya, Ruhi},
   TITLE = {A Scalable Neural Shortlisting-Reranking Approach for Large-Scale Domain Classification in Natural Language Understanding (INDUSTRY)}}
@INPROCEEDINGS{naacl-2018-industrial-track-1729,
   AUTHOR = {Ueffing, Nicola and C. de Souza, José G. and Leusch, Gregor},
   SORTNAME = {Ueffing, Nicola and C. de Souza, Jose G. and Leusch, Gregor},
   TITLE = {Quality Estimation for Automatically Generated Titles of eCommerce Browse Pages (INDUSTRY)}}
@INPROCEEDINGS{naacl-2018-industrial-track-1792,
   AUTHOR = {Ammar, Waleed and Groeneveld, Dirk and Bhagavatula, Chandra and Beltagy, Iz and Crawford, Miles and Downey, Doug and Dunkelberger, Jason and Elgohary, Ahmed and Feldman, Sergey and Ha, Vu and Kinney, Rodney and Kohlmeier, Sebastian and Lo, Kyle and Murray, Tyler and Ooi, Hsu-Han and Peters, Matthew and Power, Joanna and Skjonsberg, Sam and Wang, Lucy and Willhelm, Chris and Yuan, Zheng and van Zuylen, Madeleine and Etzioni, Oren},
   SORTNAME = {Ammar, Waleed and Groeneveld, Dirk and Bhagavatula, Chandra and Beltagy, Iz and Crawford, Miles and Downey, Doug and Dunkelberger, Jason and Elgohary, Ahmed and Feldman, Sergey and Ha, Vu and Kinney, Rodney and Kohlmeier, Sebastian and Lo, Kyle and Murray, Tyler and Ooi, Hsu-Han and Peters, Matthew and Power, Joanna and Skjonsberg, Sam and Wang, Lucy and Willhelm, Chris and Yuan, Zheng and van Zuylen, Madeleine and Etzioni, Oren},
   TITLE = {Construction of the Literature Graph in Semantic Scholar (INDUSTRY)}}
@INPROCEEDINGS{naacl-2018-industrial-track-1749,
   AUTHOR = {Amoia, Marilisa and Diehl, Frank and Gimenez, Jesus and Pinto, Joel and Schumann, Raphael and Stemmer, Fabian and Vozila, Paul and Zhang, Yi},
   SORTNAME = {Amoia, Marilisa and Diehl, Frank and Gimenez, Jesus and Pinto, Joel and Schumann, Raphael and Stemmer, Fabian and Vozila, Paul and Zhang, Yi},
   TITLE = {Scalable Wide and Deep Learning for Computer Assisted Coding (INDUSTRY)}}
@INPROCEEDINGS{naacl-2018-industrial-track-1742,
   AUTHOR = {Ambroselli, Carl and Risch, Julian and Krestel, Ralf and Loos, Andreas},
   SORTNAME = {Ambroselli, Carl and Risch, Julian and Krestel, Ralf and Loos, Andreas},
   TITLE = {Prediction for the Newsroom: Which Articles Will Get the Most Comments? (INDUSTRY)}}
@INPROCEEDINGS{naacl-2018-industrial-track-1746,
   AUTHOR = {Yoon, Su-Youn and Cahill, Aoife and Loukina, Anastassia and Zechner, Klaus and Riordan, Brian and Madnani, Nitin},
   SORTNAME = {Yoon, Su-Youn and Cahill, Aoife and Loukina, Anastassia and Zechner, Klaus and Riordan, Brian and Madnani, Nitin},
   TITLE = {Atypical Inputs in Educational Applications (INDUSTRY)}}
@INPROCEEDINGS{naacl-2018-industrial-track-1744,
   AUTHOR = {Iglesias, Gonzalo and Tambellini, William and de Gispert, Adrià and Hasler, Eva and Byrne, Bill},
   SORTNAME = {Iglesias, Gonzalo and Tambellini, William and de Gispert, Adria and Hasler, Eva and Byrne, Bill},
   TITLE = {Accelerating NMT Batched Beam Decoding with LMBR Posteriors for Deployment (INDUSTRY)}}
@INPROCEEDINGS{naacl-2018-industrial-track-1782,
   AUTHOR = {Fiorini, Nicolas and Lu, Zhiyong},
   SORTNAME = {Fiorini, Nicolas and Lu, Zhiyong},
   TITLE = {Personalized neural language models for real-world query auto completion (INDUSTRY)}}
@INPROCEEDINGS{naacl-2018-industrial-track-1788,
   AUTHOR = {Shah, Pararth and Hakkani-Tür, Dilek and Liu, Bing and Tür, Gokhan},
   SORTNAME = {Shah, Pararth and Hakkani-Tür, Dilek and Liu, Bing and Tür, Gokhan},
   TITLE = {Bootstrapping a Neural Conversational Agent with Dialogue Self-Play, Crowdsourcing and On-Line Reinforcement Learning (INDUSTRY)}}
