@INPROCEEDINGS{Fig-Lang18-002,
   AUTHOR = {Pramanick, Malay and Mitra, Pabitra},
   SORTNAME = {Pramanick, Malay and Mitra, Pabitra},
   TITLE = {Unsupervised Detection of Metaphorical Adjective-Noun Pairs}}
@INPROCEEDINGS{Fig-Lang18-028,
   AUTHOR = {Stemle, Egon and Onysko, Alexander},
   SORTNAME = {Stemle, Egon and Onysko, Alexander},
   TITLE = {Using Language Learner Data for Metaphor Detection}}
@INPROCEEDINGS{Fig-Lang18-010,
   AUTHOR = {Bizzoni, Yuri and Ghanimifard, Mehdi},
   SORTNAME = {Bizzoni, Yuri and Ghanimifard, Mehdi},
   TITLE = {Bigrams and BiLSTMs Two Neural Networks for Sequential Metaphor Detection}}
@INPROCEEDINGS{Fig-Lang18-009,
   AUTHOR = {Zayed, Omnia and McCrae, John Philip and Buitelaar, Paul},
   SORTNAME = {Zayed, Omnia and McCrae, John Philip and Buitelaar, Paul},
   TITLE = {Phrase-Level Metaphor Identification Using Distributed Representations of Word Meaning}}
@INPROCEEDINGS{Fig-Lang18-017,
   AUTHOR = {Stowe, Kevin and Palmer, Martha},
   SORTNAME = {Stowe, Kevin and Palmer, Martha},
   TITLE = {Leveraging Syntactic Constructions for Metaphor Identification}}
@INPROCEEDINGS{Fig-Lang18-029,
   AUTHOR = {Leong, Chee Wee (Ben) and Beigman Klebanov, Beata and Shutova, Ekaterina},
   SORTNAME = {Leong, Chee Wee (Ben) and Beigman Klebanov, Beata and Shutova, Ekaterina},
   TITLE = {A Report on the 2018 VUA Metaphor Detection Shared Task}}
@INPROCEEDINGS{Fig-Lang18-026,
   AUTHOR = {Mykowiecka, Agnieszka and Wawer, Aleksander and Marciniak, Malgorzata},
   SORTNAME = {Mykowiecka, Agnieszka and Wawer, Aleksander and Marciniak, Malgorzata},
   TITLE = {Detecting Figurative Word Occurrences Using Recurrent Neural Networks}}
@INPROCEEDINGS{Fig-Lang18-023,
   AUTHOR = {Wu, Chuhan and Wu, Fangzhao and Chen, Yubo and Wu, Sixing and Yuan, Zhigang and Huang, Yongfeng},
   SORTNAME = {Wu, Chuhan and Wu, Fangzhao and Chen, Yubo and Wu, Sixing and Yuan, Zhigang and Huang, Yongfeng},
   TITLE = {Neural Metaphor Detecting with CNN-LSTM Model}}
@INPROCEEDINGS{Fig-Lang18-008,
   AUTHOR = {Skalicky, Stephen and Crossley, Scott},
   SORTNAME = {Skalicky, Stephen and Crossley, Scott},
   TITLE = {Linguistic Features of Sarcasm and Metaphor Production Quality}}
@INPROCEEDINGS{Fig-Lang18-001,
   AUTHOR = {Pramanick, Malay and Gupta, Ashim and Mitra, Pabitra},
   SORTNAME = {Pramanick, Malay and Gupta, Ashim and Mitra, Pabitra},
   TITLE = {An LSTM-CRF Based Approach to Token-Level Metaphor Detection}}
@INPROCEEDINGS{Fig-Lang18-011,
   AUTHOR = {Flor, Michael and Beigman Klebanov, Beata},
   SORTNAME = {Flor, Michael and Beigman Klebanov, Beata},
   TITLE = {Catching Idiomatic Expressions in EFL Essays}}
@INPROCEEDINGS{Fig-Lang18-006,
   AUTHOR = {Bizzoni, Yuri and Lappin, Shalom},
   SORTNAME = {Bizzoni, Yuri and Lappin, Shalom},
   TITLE = {Predicting Human Metaphor Paraphrase Judgments with Deep Neural Networks}}
@INPROCEEDINGS{Fig-Lang18-024,
   AUTHOR = {Swarnkar, Krishnkant and Singh, Anil Kumar},
   SORTNAME = {Swarnkar, Krishnkant and Singh, Anil Kumar},
   TITLE = {Di-LSTM Contrast : A Deep Neural Network for Metaphor Detection}}
@INPROCEEDINGS{Fig-Lang18-015,
   AUTHOR = {Mykowiecka, Agnieszka and Marciniak, Malgorzata and Wawer, Aleksander},
   SORTNAME = {Mykowiecka, Agnieszka and Marciniak, Malgorzata and Wawer, Aleksander},
   TITLE = {Literal, Metphorical or Both? Detecting Metaphoricity in Isolated Adjective-Noun Phrases}}
@INPROCEEDINGS{Fig-Lang18-007,
   AUTHOR = {Gero, Katy and Chilton, Lydia},
   SORTNAME = {Gero, Katy and Chilton, Lydia},
   TITLE = {Challenges in Finding Metaphorical Connections}}
@INPROCEEDINGS{Fig-Lang18-014,
   AUTHOR = {Rosen, Zachary},
   SORTNAME = {Rosen, Zachary},
   TITLE = {Computationally Constructed Concepts: A Machine Learning Approach to Metaphor Interpretation Using Usage-Based Construction Grammatical Cues}}
@INPROCEEDINGS{Fig-Lang18-025,
   AUTHOR = {Mosolova, Anna and Bondarenko, Ivan and Fomin, Vadim},
   SORTNAME = {Mosolova, Anna and Bondarenko, Ivan and Fomin, Vadim},
   TITLE = {Conditional Random Fields for Metaphor Detection}}
@INPROCEEDINGS{Fig-Lang18-027,
   AUTHOR = {Skurniak, Filip and Janicka, Maria and Wawer, Aleksander},
   SORTNAME = {Skurniak, Filip and Janicka, Maria and Wawer, Aleksander},
   TITLE = {Multi-Module Recurrent Neural Networks with Transfer Learning}}
