@INPROCEEDINGS{CLPsych18-130,
   AUTHOR = {Iserman, Micah and Ireland, Molly and Littlefield, Andrew and Davis, Tyler and Maliepaard, Sage},
   SORTNAME = {Iserman, Micah and Ireland, Molly and Littlefield, Andrew and Davis, Tyler and Maliepaard, Sage},
   TITLE = {An Approach to the CLPsych 2018 Shared Task Using Top-Down Text Representation and Simple Bottom-Up Model Selection}}
@INPROCEEDINGS{CLPsych18-110,
   AUTHOR = {MacAvaney, Sean and Desmet, Bart and Cohan, Arman and Soldaini, Luca and Yates, Andrew and Zirikly, Ayah and Goharian, Nazli},
   SORTNAME = {MacAvaney, Sean and Desmet, Bart and Cohan, Arman and Soldaini, Luca and Yates, Andrew and Zirikly, Ayah and Goharian, Nazli},
   TITLE = {RSDD-Time: Temporal Annotation of Self-Reported Mental Health Diagnoses}}
@INPROCEEDINGS{CLPsych18-104,
   AUTHOR = {Iter, Dan and Yoon, Jong and Jurafsky, Dan},
   SORTNAME = {Iter, Dan and Yoon, Jong and Jurafsky, Dan},
   TITLE = {Automatic Detection of Incoherent Speech for Diagnosing Schizophrenia}}
@INPROCEEDINGS{CLPsych18-127,
   AUTHOR = {Radford, Kylie and Lavrencic, Louise and Peters, Ruth and Kiely, Kim and Hachey, Ben and Nowson, Scott and Radford, Will},
   SORTNAME = {Radford, Kylie and Lavrencic, Louise and Peters, Ruth and Kiely, Kim and Hachey, Ben and Nowson, Scott and Radford, Will},
   TITLE = {Can adult mental health be predicted by childhood future-self narratives? Insights from the CLPsych 2018 Shared Task}}
@INPROCEEDINGS{CLPsych18-111,
   AUTHOR = {Arseniev-Koehler, Alina and Mozgai, Sharon and Scherer, Stefan},
   SORTNAME = {Arseniev-Koehler, Alina and Mozgai, Sharon and Scherer, Stefan},
   TITLE = {What type of happiness are you looking for? - A closer look at detecting mental health from language}}
@INPROCEEDINGS{CLPsych18-115,
   AUTHOR = {Soldaini, Luca and Walsh, Timothy and Cohan, Arman and Han, Julien and Goharian, Nazli},
   SORTNAME = {Soldaini, Luca and Walsh, Timothy and Cohan, Arman and Han, Julien and Goharian, Nazli},
   TITLE = {Helping or Hurting? Predicting Changes in Users' Risk of Self-Harm Through Online Community Interactions}}
@INPROCEEDINGS{CLPsych18-121,
   AUTHOR = {Ireland, Molly and Iserman, Micah},
   SORTNAME = {Ireland, Molly and Iserman, Micah},
   TITLE = {Within and Between-Person Differences in Language Used Across Anxiety Support and Neutral Reddit Communities}}
@INPROCEEDINGS{CLPsych18-118,
   AUTHOR = {Husseini Orabi, Ahmed and Buddhitha, Prasadith and Husseini Orabi, Mahmoud and Inkpen, Diana},
   SORTNAME = {Husseini Orabi, Ahmed and Buddhitha, Prasadith and Husseini Orabi, Mahmoud and Inkpen, Diana},
   TITLE = {Deep Learning for Depression Detection of Twitter Users}}
@INPROCEEDINGS{CLPsych18-129,
   AUTHOR = {Lynn, Veronica and Goodman, Alissa and Niederhoffer, Kate and Loveys, Kate and Resnik, Philip and Schwartz, H. Andrew},
   SORTNAME = {Lynn, Veronica and Goodman, Alissa and Niederhoffer, Kate and Loveys, Kate and Resnik, Philip and Schwartz, H. Andrew},
   TITLE = {CLPsych 2018 Shared Task: Predicting Current and Future Psychological Health from Childhood Essays}}
@INPROCEEDINGS{CLPsych18-117,
   AUTHOR = {Zamani, Mohammadzaman and Buffone, Anneke and Schwartz, H. Andrew},
   SORTNAME = {Zamani, Mohammadzaman and Buffone, Anneke and Schwartz, H. Andrew},
   TITLE = {Predicting Human Trustfulness from Facebook Language}}
@INPROCEEDINGS{CLPsych18-125,
   AUTHOR = {Guntuku, Sharath Chandra and Giorgi, Salvatore and Ungar, Lyle},
   SORTNAME = {Guntuku, Sharath Chandra and Giorgi, Salvatore and Ungar, Lyle},
   TITLE = {Current and Future Psychological Health Prediction using Language and Socio-Demographics of Children for the CLPysch 2018 Shared Task}}
@INPROCEEDINGS{CLPsych18-124,
   AUTHOR = {Simchon, Almog and Gilead, Michael},
   SORTNAME = {Simchon, Almog and Gilead, Michael},
   TITLE = {A Psychologically Informed Approach to CLPsych Shared Task 2018}}
@INPROCEEDINGS{CLPsych18-114,
   AUTHOR = {Litvinova, Tatiana and Litvinova, Olga and Seredin, Pavel},
   SORTNAME = {Litvinova, Tatiana and Litvinova, Olga and Seredin, Pavel},
   TITLE = {Dynamics of an idiostyle of a Russian suicidal blogger}}
@INPROCEEDINGS{CLPsych18-123,
   AUTHOR = {Rios, Anthony and Tran, Tung and Kavuluru, Ramakanth},
   SORTNAME = {Rios, Anthony and Tran, Tung and Kavuluru, Ramakanth},
   TITLE = {Predicting Psychological Health from Childhood Essays with Convolutional Neural Networks for the CLPsych 2018 Shared Task (Team UKNLP)}}
@INPROCEEDINGS{CLPsych18-126,
   AUTHOR = {Zaporojets, Klim and Sterckx, Lucas and Deleu, Johannes and Demeester, Thomas and Develder, Chris},
   SORTNAME = {Zaporojets, Klim and Sterckx, Lucas and Deleu, Johannes and Demeester, Thomas and Develder, Chris},
   TITLE = {Predicting Psychological Health from Childhood Essays. The UGent-IDLab CLPsych 2018 Shared Task System.}}
@INPROCEEDINGS{CLPsych18-119,
   AUTHOR = {Shing, Han-Chin and Nair, Suraj and Zirikly, Ayah and Friedenberg, Meir and Daum√© III, Hal and Resnik, Philip},
   SORTNAME = {Shing, Han-Chin and Nair, Suraj and Zirikly, Ayah and Friedenberg, Meir and Daume III, Hal and Resnik, Philip},
   TITLE = {Expert, Crowdsourced, and Machine Assessment of Suicide Risk via Online Postings}}
@INPROCEEDINGS{CLPsych18-100,
   AUTHOR = {Altszyler, Edgar and Berenstein, Ariel J. and Milne, David and Calvo, Rafael A. and Fernandez Slezak, Diego},
   SORTNAME = {Altszyler, Edgar and Berenstein, Ariel J. and Milne, David and Calvo, Rafael A. and Fernandez Slezak, Diego},
   TITLE = {Using contextual information for automatic triage of posts in a peer-support forum}}
@INPROCEEDINGS{CLPsych18-105,
   AUTHOR = {Parish-Morris, Julia and Sariyanidi, Evangelos and Zampella, Casey and Bartley, G. Keith and Ferguson, Emily and Pallathra, Ashley A. and Bateman, Leila and Plate, Samantha and Cola, Meredith and Pandey, Juhi and Brodkin, Edward S. and Schultz, Robert T. and Tunc, Birkan},
   SORTNAME = {Parish-Morris, Julia and Sariyanidi, Evangelos and Zampella, Casey and Bartley, G. Keith and Ferguson, Emily and Pallathra, Ashley A. and Bateman, Leila and Plate, Samantha and Cola, Meredith and Pandey, Juhi and Brodkin, Edward S. and Schultz, Robert T. and Tunc, Birkan},
   TITLE = {Oral-Motor and Lexical Diversity During Naturalistic Conversations in Adults with Autism Spectrum Disorder}}
@INPROCEEDINGS{CLPsych18-102,
   AUTHOR = {Morales, Michelle and Scherer, Stefan and Levitan, Rivka},
   SORTNAME = {Morales, Michelle and Scherer, Stefan and Levitan, Rivka},
   TITLE = {A Linguistically-Informed Fusion Approach for Multimodal Depression Detection}}
@INPROCEEDINGS{CLPsych18-113,
   AUTHOR = {Loveys, Kate and Torrez, Jonathan and Fine, Alex and Moriarty, Glen and Coppersmith, Glen},
   SORTNAME = {Loveys, Kate and Torrez, Jonathan and Fine, Alex and Moriarty, Glen and Coppersmith, Glen},
   TITLE = {Cross-cultural differences in language markers of depression online}}
@INPROCEEDINGS{CLPsych18-101,
   AUTHOR = {Ive, Julia and Gkotsis, George and Dutta, Rina and Stewart, Robert and Velupillai, Sumithra},
   SORTNAME = {Ive, Julia and Gkotsis, George and Dutta, Rina and Stewart, Robert and Velupillai, Sumithra},
   TITLE = {Hierarchical neural model with attention mechanisms for the classification of social media text related to mental health}}
