@INPROCEEDINGS{Story-NLP18-002,
   AUTHOR = {Roemmele, Melissa and Gordon, Andrew},
   SORTNAME = {Roemmele, Melissa and Gordon, Andrew},
   TITLE = {Linguistic Features of Helpfulness in Automated Support for Creative Writing}}
@INPROCEEDINGS{Story-NLP18-004,
   AUTHOR = {Gillick, Jon and Bamman, David},
   SORTNAME = {Gillick, Jon and Bamman, David},
   TITLE = {Telling Stories with Soundtracks: An Empirical Analysis of Music in Film}}
@INPROCEEDINGS{Story-NLP18-005,
   AUTHOR = {Tozzo, Alex and Jovanovic, Dejan and Amer, Mohamed},
   SORTNAME = {Tozzo, Alex and Jovanovic, Dejan and Amer, Mohamed},
   TITLE = {Neural Event Extraction from Movies Description}}
@INPROCEEDINGS{Story-NLP18-001,
   AUTHOR = {Roemmele, Melissa and Gordon, Andrew},
   SORTNAME = {Roemmele, Melissa and Gordon, Andrew},
   TITLE = {An Encoder-decoder Approach to Predicting Causal Relations in Stories}}
@INPROCEEDINGS{Story-NLP18-006,
   AUTHOR = {Lukin, Stephanie and Hobbs, Reginald and Voss, Clare},
   SORTNAME = {Lukin, Stephanie and Hobbs, Reginald and Voss, Clare},
   TITLE = {A Pipeline for Creative Visual Storytelling}}
@INPROCEEDINGS{Story-NLP18-003,
   AUTHOR = {Kasunic, Anna and Kaufman, Geoff},
   SORTNAME = {Kasunic, Anna and Kaufman, Geoff},
   TITLE = {Learning to Listen: Critically Considering the Role of AI in Human Storytelling and Character Creation}}
@INPROCEEDINGS{Story-NLP18-007,
   AUTHOR = {Peng, Nanyun and Ghazvininejad, Marjan and May, Jonathan and Knight, Kevin},
   SORTNAME = {Peng, Nanyun and Ghazvininejad, Marjan and May, Jonathan and Knight, Kevin},
   TITLE = {Towards Controllable Story Generation}}
