%%%
% Colocated
%%%

@INPROCEEDINGS{workshop1,
  title = {CoNLL: The SIGNLL Conference on Computational Natural Language Learning},
  author = {Specia, Lucia and Levy, Roger},
  sortname = {Specia, Lucia and Levy, Roger}
}

@INPROCEEDINGS{workshop2,
  title = {*SEM: Sixth Joint Conference On Lexical And Computational Semantics},
  author = {Ide, Nancy and Herbelot, Aurélie and Màrquez, Lluís},
  sortname = {Ide, Nancy and Herbelot, Aurelie and Màrquez, Lluís},
}

@INPROCEEDINGS{workshop3,
  title = {SemEval: 11th International Workshop on Semantic Evaluation},
  author = {Bethard, Steven and Carpuat, Marine and Apidianaki, Marianna and Mohammad, Saif M. and Cer, Daniel and Jurgens, David},
  sortname = {Bethard, Steven and Carpuat, Marine and Apidianaki, Marianna and Mohammad, Saif M. and Cer, Daniel and Jurgens, David}
}

%%%
% Sunday
%%%

\setdaydateyear{Sunday}{July 30}{2017}
\setheaders{One-day Workshops}{\daydateyear}

@INPROCEEDINGS{workshop4,
  title = {Women and Underrepresented Minorities in Natural Language Processing},
  author = {Barak, Libby and Augenstein, Isabelle and Braud, Chloé and He, He and Mitchell, Margaret},
  sortname = {Barak, Libby and Augenstein, Isabelle and Braud, Chloé and He, He and Mitchell, Margaret}
}

%%%
% Thursday
%%%

\setdaydateyear{Thursday}{August 3}{2017}
\setheaders{One-day Workshops}{\daydateyear}

@INPROCEEDINGS{workshop5,
  title = {The 10th Workshop on Building and Using Comparable Corpora},
  author = {Sharoff, Serge and Zweigenbaum, Pierre and Rapp, Reinhard},
  sortname = {Sharoff, Serge and Zweigenbaum, Pierre and Rapp, Reinhard},
}

@INPROCEEDINGS{workshop6,
  title = {Computational Linguistics and Clinical Psychology – From Linguistic Signal to Clinical Reality},
  author = {Hollingshead, Kristy and Ireland, Molly E. and Loveys, Kate},
  sortname = {Hollingshead, Kristy and Ireland, Molly E. and Loveys, Kate},
}

@INPROCEEDINGS{workshop7,
  title = {NLP+CSS: Workshops on Natural Language Processing and Computational Social Science},
  author = {Bamman, David and Doğruöz, A. Seza and Hovy, Dirk and Jurgens, David and O'Connor, Brendan and Tsur, Oren and Volkova, Svitlana},
  sortname = {Bamman, David and Doğruöz, A. Seza and Hovy, Dirk and Jurgens, David and O'Connor, Brendan and Tsur, Oren and Volkova, Svitlana}
}

@INPROCEEDINGS{workshop8,
  title = {RepL4NLP: 2nd Workshop on Representation Learning for NLP},
  author = {Blunsom, Phil and Bordes, Antoine and Cho, Kyunghyun and Cohen, Shay and
    Dyer, Chris and Grefenstette, Edward and Hermann, Karl Moritz and Rimell, Laura and
    Weston, Jason and Yih, Wen-tau},
  sortname = {Blunsom, Phil and Bordes, Antoine and Cho, Kyunghyun and Cohen, Shay and
    Dyer, Chris and Grefenstette, Edward and Hermann, Karl Moritz and Rimell, Laura and
    Weston, Jason and Yih, Wen-tau}
}

@INPROCEEDINGS{workshop9,
  title = {RoboNLP: Language Grounding for Robotics},
  author = {Bansal, Mohit and Matuszek, Cynthia and Andreas, Jacob and Artzi, Yoav and Bisk, Yonatan},
  sortname = {Bansal, Mohit and Matuszek, Cynthia and Andreas, Jacob and Artzi, Yoav and Bisk, Yonatan}
}

@INPROCEEDINGS{workshop10,
  title = {TextGraphs-11: Graph-based Methods for Natural Language Processing},
  author = {Riedl, Martin and Somasundaran, Swapna and Glavaš, Goran and Hovy, Eduard},
  sortname = {Riedl, Martin and Somasundaran, Swapna and Glavaš, Goran and Hovy, Eduard}
}

%%%
% Friday
%%%

\setdaydateyear{Friday}{August 4}{2017}
\setheaders{One-day Workshops}{\daydateyear}

@INPROCEEDINGS{workshop11,
  title = {ALW1: 1st Workshop on Abusive Language Online},
  author = {Waseem, Zeerak and Chun, Wendy Hui Kyong and Hovy, Dirk and Tetreault, Joel},
  sortname = {Waseem, Zeerak and Chun, Wendy Hui Kyong and Hovy, Dirk and Tetreault, Joel}
}

@INPROCEEDINGS{workshop12,
  title = {BioNLP: Workshop on Biomedical Natural Language Processing},
  author = {Cohen, Kevin Bretonnel and Demner-Fushman, Dina and Ananiadou, Sophia and Tsujii, Jun-ichi},
  sortname = {Cohen, Kevin Bretonnel and Demner-Fushman, Dina and Ananiadou, Sophia and Tsujii, Jun-ichi}
}

@INPROCEEDINGS{workshop13,
  title = {EventStory: Events and Stories in the News},
  author = {Caselli, Tommaso and Miller, Ben and van Erp, Marieke and Vossen, Piek and Palmer, Martha and Hovy, Eduard and Mitamura, Teruko and Caswell, David},
  sortname = {Caselli, Tommaso and Miller, Ben and van Erp, Marieke and Vossen, Piek and Palmer, Martha and Hovy, Eduard and Mitamura, Teruko and Caswell, David}
}

@INPROCEEDINGS{workshop14,
  title = {LaTeCH-CLfL: Joint SIGHUM Workshop on Computational Linguistics for Cultural Heritage, Social Sciences, Humanities and Literature},
  author = {Alex, Beatrice and Degaetano-Ortlieb, Stefania and Feldman, Anna and Kazantseva, Anna and Reiter, Nils and Szpakowicz, Stan},
  sortname = {Alex, Beatrice and Degaetano-Ortlieb, Stefania and Feldman, Anna and Kazantseva, Anna and Reiter, Nils and Szpakowicz, Stan}
}

@INPROCEEDINGS{workshop15,
  title = {NMT: 1st Workshop on Neural Machine Translation},
  author = {Luong, Thang and Neubig, Graham and Birch, Alexandra and Finch, Andrew},
  sortname = {Luong, Thang and Neubig, Graham and Birch, Alexandra and Finch, Andrew}
}
