@INPROCEEDINGS{starsem18-130,
   AUTHOR = {Cui, Xia and Kojaku, Sadamori and Masuda, Naoki and Bollegala, Danushka},
   SORTNAME = {Cui, Xia and Kojaku, Sadamori and Masuda, Naoki and Bollegala, Danushka},
   TITLE = {Solving Feature Sparseness in Text Classification using Core-Periphery Decomposition}}
@INPROCEEDINGS{starsem18-158,
   AUTHOR = {Allen, James and Teng, Choh Man},
   SORTNAME = {Allen, James and Teng, Choh Man},
   TITLE = {Putting Semantics into Semantic Roles}}
@INPROCEEDINGS{starsem18-112,
   AUTHOR = {Mousselly Sergieh, Hatem and Botschen, Teresa and Gurevych, Iryna and Roth, Stefan},
   SORTNAME = {Mousselly Sergieh, Hatem and Botschen, Teresa and Gurevych, Iryna and Roth, Stefan},
   TITLE = {A Multimodal Translation-Based Approach for Knowledge Graph Representation Learning}}
@INPROCEEDINGS{starsem18-110,
   AUTHOR = {Schulte im Walde, Sabine and KÃ¶per, Maximilian and Springorum, Sylvia},
   SORTNAME = {Schulte im Walde, Sabine and Koper, Maximilian and Springorum, Sylvia},
   TITLE = {Assessing Meaning Components in German Complex Verbs: A Collection of Source-Target Domains and Directionality}}
@INPROCEEDINGS{starsem18-151,
   AUTHOR = {Kiritchenko, Svetlana and Mohammad, Saif},
   SORTNAME = {Kiritchenko, Svetlana and Mohammad, Saif},
   TITLE = {Examining Gender and Race Bias in Two Hundred Sentiment Analysis Systems}}
@INPROCEEDINGS{starsem18-104,
   AUTHOR = {Mei, Hongyuan and Zhang, Sheng and Duh, Kevin and Van Durme, Benjamin},
   SORTNAME = {Mei, Hongyuan and Zhang, Sheng and Duh, Kevin and Van Durme, Benjamin},
   TITLE = {Halo: Learning Semantics-Aware Representations for Cross-Lingual Information Extraction}}
@INPROCEEDINGS{starsem18-138,
   AUTHOR = {Mahabal, Abhijit and Roth, Dan and Mittal, Sid},
   SORTNAME = {Mahabal, Abhijit and Roth, Dan and Mittal, Sid},
   TITLE = {Robust Handling of Polysemy via Sparse Representations}}
@INPROCEEDINGS{starsem18-111,
   AUTHOR = {Hu, Hai and Moss, Larry},
   SORTNAME = {Hu, Hai and Moss, Larry},
   TITLE = {Polarity Computations in Flexible Categorial Grammar}}
@INPROCEEDINGS{starsem18-132,
   AUTHOR = {Hong, Xudong and Sayeed, Asad and Demberg, Vera},
   SORTNAME = {Hong, Xudong and Sayeed, Asad and Demberg, Vera},
   TITLE = {Learning distributed event representations with a multi-task approach}}
@INPROCEEDINGS{starsem18-115,
   AUTHOR = {Yin, Wenpeng and Roth, Dan},
   SORTNAME = {Yin, Wenpeng and Roth, Dan},
   TITLE = {Term Definitions Help Hypernymy Detection}}
@INPROCEEDINGS{starsem18-121,
   AUTHOR = {Tran, Nam Khanh and Cheng, Weiwei},
   SORTNAME = {Tran, Nam Khanh and Cheng, Weiwei},
   TITLE = {Multiplicative Tree-Structured Long Short-Term Memory Networks for Semantic Representations}}
@INPROCEEDINGS{starsem18-118,
   AUTHOR = {Kenyon-Dean, Kian and Cheung, Jackie Chi Kit and Precup, Doina},
   SORTNAME = {Kenyon-Dean, Kian and Cheung, Jackie Chi Kit and Precup, Doina},
   TITLE = {Resolving Event Coreference with Supervised Representation Learning and Clustering-Oriented Regularization}}
@INPROCEEDINGS{starsem18-153,
   AUTHOR = {Sagarkar, Manasvi and Wieting, John and Tu, Lifu and Gimpel, Kevin},
   SORTNAME = {Sagarkar, Manasvi and Wieting, John and Tu, Lifu and Gimpel, Kevin},
   TITLE = {Quality Signals in Generated Stories}}
@INPROCEEDINGS{starsem18-163,
   AUTHOR = {Poliak, Adam and Naradowsky, Jason and Haldar, Aparajita and Rudinger, Rachel and Van Durme, Benjamin},
   SORTNAME = {Poliak, Adam and Naradowsky, Jason and Haldar, Aparajita and Rudinger, Rachel and Van Durme, Benjamin},
   TITLE = {Hypothesis Only Baselines in Natural Language Inference}}
@INPROCEEDINGS{starsem18-159,
   AUTHOR = {Yadav, Vikas and Sharp, Rebecca and Bethard, Steven},
   SORTNAME = {Yadav, Vikas and Sharp, Rebecca and Bethard, Steven},
   TITLE = {Deep Affix Features Improve Neural Named Entity Recognizers}}
@INPROCEEDINGS{starsem18-129,
   AUTHOR = {Kallmeyer, Laura and QasemiZadeh, Behrang and Cheung, Jackie Chi Kit},
   SORTNAME = {Kallmeyer, Laura and QasemiZadeh, Behrang and Cheung, Jackie Chi Kit},
   TITLE = {Coarse Lexical Frame Acquisition at the Syntax---Semantics Interface Using a Latent-Variable PCFG Model}}
@INPROCEEDINGS{starsem18-106,
   AUTHOR = {Vu, Tu and Shwartz, Vered},
   SORTNAME = {Vu, Tu and Shwartz, Vered},
   TITLE = {Integrating Multiplicative Features into Supervised Distributional Methods for Lexical Entailment}}
@INPROCEEDINGS{starsem18-109,
   AUTHOR = {Badaro, Gilbert and Jundi, Hussein and Hajj, Hazem and El-Hajj, Wassim},
   SORTNAME = {Badaro, Gilbert and Jundi, Hussein and Hajj, Hazem and El-Hajj, Wassim},
   TITLE = {EmoWordNet: Automatic Expansion of Emotion Lexicon Using English WordNet}}
@INPROCEEDINGS{starsem18-147,
   AUTHOR = {Samardzhiev, Krasen and Gargett, Andrew and Bollegala, Danushka},
   SORTNAME = {Samardzhiev, Krasen and Gargett, Andrew and Bollegala, Danushka},
   TITLE = {Learning Neural Word Salience Scores}}
@INPROCEEDINGS{starsem18-096,
   AUTHOR = {Beschke, Sebastian and Menzel, Wolfgang},
   SORTNAME = {Beschke, Sebastian and Menzel, Wolfgang},
   TITLE = {Graph Algebraic Combinatory Categorial Grammar}}
@INPROCEEDINGS{starsem18-139,
   AUTHOR = {Basile, Valerio and Lopez Condori, Roque and Cabrio, Elena},
   SORTNAME = {Basile, Valerio and Lopez Condori, Roque and Cabrio, Elena},
   TITLE = {Measuring Frame Instance Relatedness}}
@INPROCEEDINGS{starsem18-099,
   AUTHOR = {Wojatzki, Michael and Zesch, Torsten and Mohammad, Saif and Kiritchenko, Svetlana},
   SORTNAME = {Wojatzki, Michael and Zesch, Torsten and Mohammad, Saif and Kiritchenko, Svetlana},
   TITLE = {Agree or Disagree: Predicting Judgments on Nuanced Assertions}}
@INPROCEEDINGS{starsem18-093,
   AUTHOR = {Dligach, Dmitriy and Miller, Timothy},
   SORTNAME = {Dligach, Dmitriy and Miller, Timothy},
   TITLE = {Learning Patient Representations from Text}}
@INPROCEEDINGS{starsem18-142,
   AUTHOR = {Pierrejean, Benedicte and Tanguy, Ludovic},
   SORTNAME = {Pierrejean, Benedicte and Tanguy, Ludovic},
   TITLE = {Predicting Word Embeddings Variability}}
@INPROCEEDINGS{starsem18-103,
   AUTHOR = {Ning, Qiang and Yu, Zhongzhi and Fan, Chuchu and Roth, Dan},
   SORTNAME = {Ning, Qiang and Yu, Zhongzhi and Fan, Chuchu and Roth, Dan},
   TITLE = {Exploiting Partially Annotated Data in Temporal Relation Extraction}}
@INPROCEEDINGS{starsem18-007,
   AUTHOR = {Bakarov, Amir and Suvorov, Roman and Sochenkov, Ilya},
   SORTNAME = {Bakarov, Amir and Suvorov, Roman and Sochenkov, Ilya},
   TITLE = {The Limitations of Cross-language Word Embeddings Evaluation}}
@INPROCEEDINGS{starsem18-141,
   AUTHOR = {Naumann, Daniela and Frassinelli, Diego and Schulte im Walde, Sabine},
   SORTNAME = {Naumann, Daniela and Frassinelli, Diego and Schulte im Walde, Sabine},
   TITLE = {Quantitative Semantic Variation in the Contexts of Concrete and Abstract Words}}
@INPROCEEDINGS{starsem18-164,
   AUTHOR = {Choi, Jihun and Kim, Taeuk and Lee, Sang-goo},
   SORTNAME = {Choi, Jihun and Kim, Taeuk and Lee, Sang-goo},
   TITLE = {Element-wise Bilinear Interaction for Sentence Matching}}
@INPROCEEDINGS{starsem18-144,
   AUTHOR = {Barbieri, Francesco and Camacho-Collados, Jose},
   SORTNAME = {Barbieri, Francesco and Camacho-Collados, Jose},
   TITLE = {How Gender and Skin Tone Modifiers Affect Emoji Semantics in Twitter}}
@INPROCEEDINGS{starsem18-135,
   AUTHOR = {Zhang, Sheng and Duh, Kevin and Van Durme, Benjamin},
   SORTNAME = {Zhang, Sheng and Duh, Kevin and Van Durme, Benjamin},
   TITLE = {Fine-grained Entity Typing through Increased Discourse Context and Adaptive Classification Thresholds}}
@INPROCEEDINGS{starsem18-100,
   AUTHOR = {Sorokin, Daniil and Gurevych, Iryna},
   SORTNAME = {Sorokin, Daniil and Gurevych, Iryna},
   TITLE = {Mixing Context Granularities for Improved Entity Linking on Question Answering Data across Entity Categories}}
@INPROCEEDINGS{starsem18-143,
   AUTHOR = {Crouch, Richard and Kalouli, Aikaterini-Lida},
   SORTNAME = {Crouch, Richard and Kalouli, Aikaterini-Lida},
   TITLE = {Named Graphs for Semantic Representation}}
