@INPROCEEDINGS{winlp18-002,
   AUTHOR = {Nandutu, Irene and Mwebaze, Ernest},
   SORTNAME = {Nandutu, Irene and Mwebaze, Ernest},
   TITLE = {Luganda Text-to-Speech Machine}}
@INPROCEEDINGS{winlp18-028,
   AUTHOR = {Nias, Jaye},
   SORTNAME = {Nias, Jaye},
   TITLE = {Text Mining of Student Generated Content for Culturally Relevant Pedagogies in Data Science}}
@INPROCEEDINGS{winlp18-035,
   AUTHOR = {Martindale, Marianna and Carpuat, Marine},
   SORTNAME = {Martindale, Marianna and Carpuat, Marine},
   TITLE = {Fluency Over Adequacy: A Pilot Study in Measuring User Trust in Imperfect MT}}
@INPROCEEDINGS{winlp18-010,
   AUTHOR = {Shimorina, Anastasia},
   SORTNAME = {Shimorina, Anastasia},
   TITLE = {Human vs Automatic Metrics: on the Importance of Correlation Design}}
@INPROCEEDINGS{winlp18-009,
   AUTHOR = {Haddad, Hatem and Mulki, Hala},
   SORTNAME = {Haddad, Hatem and Mulki, Hala},
   TITLE = {Empirical Evaluation of Preprocessing for Tunisian Dialect (''Darija'') Sentiment Analysis}}
@INPROCEEDINGS{winlp18-072,
   AUTHOR = {Knowles, Rebecca and Koehn, Philipp},
   SORTNAME = {Knowles, Rebecca and Koehn, Philipp},
   TITLE = {Lightweight Word-Level Confidence Estimation for Neural Interactive Translation Prediction}}
@INPROCEEDINGS{winlp18-013,
   AUTHOR = {Le, Ngoc Tan and Nguyen, Hong Buu Long and Sadat, Fatiha and Dinh, Dien},
   SORTNAME = {Le, Ngoc Tan and Nguyen, Hong Buu Long and Sadat, Fatiha and Dinh, Dien},
   TITLE = {Neural Network-based Model for Named Entity Recognition in Low-Resource Settings}}
@INPROCEEDINGS{winlp18-057,
   AUTHOR = {Gebreselassie, Tewodros},
   SORTNAME = {Gebreselassie, Tewodros},
   TITLE = {A finite-state morphological analyzer for Wolaytta}}
@INPROCEEDINGS{winlp18-018,
   AUTHOR = {Mieskes, Margot and Shutyi, Svetlana},
   SORTNAME = {Mieskes, Margot and Shutyi, Svetlana},
   TITLE = {Emotionality in Patients and Therapists speaking German}}
@INPROCEEDINGS{winlp18-077,
   AUTHOR = {Nematzadeh, Aida and Shekarchi, Zahra and Stevenson, Suzanne},
   SORTNAME = {Nematzadeh, Aida and Shekarchi, Zahra and Stevenson, Suzanne},
   TITLE = {Cross-Situational Word Learning under Uncertainty: an Algorithmic-Level Analysis}}
@INPROCEEDINGS{winlp18-004,
   AUTHOR = {Gridach, Mourad and Haddad, Hatem},
   SORTNAME = {Gridach, Mourad and Haddad, Hatem},
   TITLE = {Churn Prediction Using Structured Logical Knowledge and Convolutional Neural Networks}}
@INPROCEEDINGS{winlp18-049,
   AUTHOR = {Oladipo, Francisca and Abdu, Haruna},
   SORTNAME = {Oladipo, Francisca and Abdu, Haruna},
   TITLE = {Using Machine Learning to Detect Potential Child Suicide Bombers}}
@INPROCEEDINGS{winlp18-064,
   AUTHOR = {Floyd, Sammy and Barak, Libby and Goldberg, Adele},
   SORTNAME = {Floyd, Sammy and Barak, Libby and Goldberg, Adele},
   TITLE = {Differences in the Acquisition of Polysemy vs. Ambiguity}}
@INPROCEEDINGS{winlp18-079,
   AUTHOR = {Reed, Lena and Walker, Marilyn},
   SORTNAME = {Reed, Lena and Walker, Marilyn},
   TITLE = {Learning Lexico-Functional Patterns for First-Person Affect}}
@INPROCEEDINGS{winlp18-017,
   AUTHOR = {Lakew, Surafel Melaku and Francesco Lotito, Quintino and Negri, Matteo and Turchi, Marco and Federico, Marcello},
   SORTNAME = {Lakew, Surafel Melaku and Francesco Lotito, Quintino and Negri, Matteo and Turchi, Marco and Federico, Marcello},
   TITLE = {Improving Zero-Shot Translation of Low-Resource Languages}}
@INPROCEEDINGS{winlp18-075,
   AUTHOR = {Henry, Cassidy and Gordon, Carla and Traum, David and Lukin, Stephanie and Pollard, Kimberly A. and Artstein, Ron and Bonial, Claire and Voss, Clare and Foots, Ashley and Marge, Matthew},
   SORTNAME = {Henry, Cassidy and Gordon, Carla and Traum, David and Lukin, Stephanie and Pollard, Kimberly A. and Artstein, Ron and Bonial, Claire and Voss, Clare and Foots, Ashley and Marge, Matthew},
   TITLE = {Faster Pace in Human-Robot Dialogue Leads to Fewer Dialogue Overlaps}}
@INPROCEEDINGS{winlp18-005,
   AUTHOR = {Melese, Michael and Besacier, Laurent and Meshesha, Million},
   SORTNAME = {Melese, Michael and Besacier, Laurent and Meshesha, Million},
   TITLE = {A novel Post-editing algorithm to optimize Amharic speech recognition for speech translation}}
@INPROCEEDINGS{winlp18-012,
   AUTHOR = {Tachbelie, Martha Yifiru and Abate, Solomon Teferra},
   SORTNAME = {Tachbelie, Martha Yifiru and Abate, Solomon Teferra},
   TITLE = {Development of Pronunciation Lexicons for Amharic Automatic Speech Recognition (ASR)}}
@INPROCEEDINGS{winlp18-054,
   AUTHOR = {Obeidat, Rasha and Fern, Xiaoli and Tadepalli, Prasad},
   SORTNAME = {Obeidat, Rasha and Fern, Xiaoli and Tadepalli, Prasad},
   TITLE = {Transfer between Disparate Labels with Weak Supervision}}
@INPROCEEDINGS{winlp18-055,
   AUTHOR = {Ha, Thi-Thanh and Thanh-Chinh, Nguyen and Kiem-Hieu, Nguyen and Van-Chung, Vu},
   SORTNAME = {Ha, Thi-Thanh and Thanh-Chinh, Nguyen and Kiem-Hieu, Nguyen and Van-Chung, Vu},
   TITLE = {Unsupervised Sentence Embeddings for Answer Summarization in Non-factoid CQA}}
@INPROCEEDINGS{winlp18-029,
   AUTHOR = {Kolhatkar, Varada and Taboada, Maite},
   SORTNAME = {Kolhatkar, Varada and Taboada, Maite},
   TITLE = {A Corpus for the Analysis of Online News Comments}}
@INPROCEEDINGS{winlp18-070,
   AUTHOR = {Dudy, Shiran and Bedrick, Steven and Smith, David and Xu, Shaobin},
   SORTNAME = {Dudy, Shiran and Bedrick, Steven and Smith, David and Xu, Shaobin},
   TITLE = {Language Models for Brain Computer Interface as Augmentative and Alternative Communication}}
@INPROCEEDINGS{winlp18-026,
   AUTHOR = {Cercas Curry, Amanda and Rieser, Verena},
   SORTNAME = {Cercas Curry, Amanda and Rieser, Verena},
   TITLE = {\#MeToo Alexa: Sexual Harassment and Conversational AI}}
@INPROCEEDINGS{winlp18-059,
   AUTHOR = {Chioma, Enemouh and Ezeani, Ignatius and Hepple, Mark and Onyenwe, Ikechukwu},
   SORTNAME = {Chioma, Enemouh and Ezeani, Ignatius and Hepple, Mark and Onyenwe, Ikechukwu},
   TITLE = {Exploring Morphology Learning of Igbo with Different Degrees of Supervision}}
@INPROCEEDINGS{winlp18-023,
   AUTHOR = {Mansfield, Courtney},
   SORTNAME = {Mansfield, Courtney},
   TITLE = {The Entrainment of Creaky Voice in Spoken Dialogue}}
@INPROCEEDINGS{winlp18-078,
   AUTHOR = {Oraby, Shereen and Walker, Marilyn},
   SORTNAME = {Oraby, Shereen and Walker, Marilyn},
   TITLE = {Generating Creative Restaurant Descriptions from User Reviews}}
@INPROCEEDINGS{winlp18-008,
   AUTHOR = {Kann, Katharina and Mager, Manuel and Meza Ruiz, Ivan Vladimir and Schütze, Hinrich},
   SORTNAME = {Kann, Katharina and Mager, Manuel and Meza Ruiz, Ivan Vladimir and Schutze, Hinrich},
   TITLE = {Neural Morphological Segmentation for Polysynthetic Minimal-Resource Languages}}
@INPROCEEDINGS{winlp18-030,
   AUTHOR = {Johnson, Kristen and Goldwasser, Dan},
   SORTNAME = {Johnson, Kristen and Goldwasser, Dan},
   TITLE = {Modeling of Policy Frames for Morality Detection on Twitter}}
@INPROCEEDINGS{winlp18-041,
   AUTHOR = {Paullada, Amandalynne},
   SORTNAME = {Paullada, Amandalynne},
   TITLE = {Multi-label Element Extraction for Evidence-Based Medicine}}
@INPROCEEDINGS{winlp18-011,
   AUTHOR = {Aragaw, Bitseat and Ayalew, Tensae and Beshah, Tibebe},
   SORTNAME = {Aragaw, Bitseat and Ayalew, Tensae and Beshah, Tibebe},
   TITLE = {Sentence Level Amharic Text Sentiment Analysis Model: A Combined Approach}}
@INPROCEEDINGS{winlp18-062,
   AUTHOR = {Paula, Felipe and Wilkens, Rodrigo and Idiart, Marco and Villavicencio, Aline},
   SORTNAME = {Paula, Felipe and Wilkens, Rodrigo and Idiart, Marco and Villavicencio, Aline},
   TITLE = {Implicit and Explicit Information for Categorization}}
@INPROCEEDINGS{winlp18-081,
   AUTHOR = {Salle, Alexandre and Villavicencio, Aline},
   SORTNAME = {Salle, Alexandre and Villavicencio, Aline},
   TITLE = {Incorporating Subword Information into Matrix Factorization Word Embeddings}}
@INPROCEEDINGS{winlp18-019,
   AUTHOR = {Tutubalina, Elena and Miftahutdinov, Zulfat and Malykh, Valentin},
   SORTNAME = {Tutubalina, Elena and Miftahutdinov, Zulfat and Malykh, Valentin},
   TITLE = {Concept Linking in Medical Domain for Social Media Posts Using RNNs}}
@INPROCEEDINGS{winlp18-042,
   AUTHOR = {Gupta, Itika and Di Eugenio, Barbara and Ziebart, Brian and Liu, Bing and Gerber, Ben and Sharp, Lisa and Davis, Rafe and Baiju, Aiswarya},
   SORTNAME = {Gupta, Itika and Di Eugenio, Barbara and Ziebart, Brian and Liu, Bing and Gerber, Ben and Sharp, Lisa and Davis, Rafe and Baiju, Aiswarya},
   TITLE = {Creating and Annotating a Corpus of Health Coaching Dialogue}}
@INPROCEEDINGS{winlp18-024,
   AUTHOR = {Murrieta Bello, Héctor Ricardo and Meza Ruiz, Ivan Vladimir},
   SORTNAME = {Murrieta Bello, Hector Ricardo and Meza Ruiz, Ivan Vladimir},
   TITLE = {NeuroSign: a Seq2Seq Model Proposal for Sign Language Translation}}
@INPROCEEDINGS{winlp18-003,
   AUTHOR = {Kusumawardani, Renny Pradina and Priansya, Stezar},
   SORTNAME = {Kusumawardani, Renny Pradina and Priansya, Stezar},
   TITLE = {Context-Sensitive Normalization of Social Media Text in Bahasa Indonesia Based on Neural Word Embeddings}}
@INPROCEEDINGS{winlp18-061,
   AUTHOR = {Jalal, Mona and Mays, Kate K. and Guo, Lei and Betke, Margrit},
   SORTNAME = {Jalal, Mona and Mays, Kate K. and Guo, Lei and Betke, Margrit},
   TITLE = {Comparing the Performance of Crowdworkers and NLP Tools on Named-Entity Recognition and Entity-Level Sentiment Analysis of Political Tweets}}
@INPROCEEDINGS{winlp18-074,
   AUTHOR = {Aggarwal, Srishti and Mathur, Kritik and Mamidi, Radhika},
   SORTNAME = {Aggarwal, Srishti and Mathur, Kritik and Mamidi, Radhika},
   TITLE = {Sentiment Based Word Substitutions to Generate Humorous Phrases in Hindi}}
@INPROCEEDINGS{winlp18-015,
   AUTHOR = {Shirvani, Rouzbeh and Piergallini, Mario and Torfi, Amirsina and Rwebangira, Mugizi and Chouikha, Mohamed},
   SORTNAME = {Shirvani, Rouzbeh and Piergallini, Mario and Torfi, Amirsina and Rwebangira, Mugizi and Chouikha, Mohamed},
   TITLE = {Linguistic Accommodation and Codeswitching in Conversation}}
@INPROCEEDINGS{winlp18-080,
   AUTHOR = {Real, Livy and dePaiva, Valeria and Guide, Bruno and Thalenberg, Bruna and Silva, Cindy and Oliveira Lima, Guilherme and Rodrigues, Ana and Albiero, Beatriz and Souza, Rodrigo and de Camargo e Souza Câmara, Igor},
   SORTNAME = {Real, Livy and dePaiva, Valeria and Guide, Bruno and Thalenberg, Bruna and Silva, Cindy and Oliveira Lima, Guilherme and Rodrigues, Ana and Albiero, Beatriz and Souza, Rodrigo and de Camargo e Souza Camara, Igor},
   TITLE = {Building a NLI Corpus for Portuguese}}
@INPROCEEDINGS{winlp18-082,
   AUTHOR = {Rakshit, Geetanjali},
   SORTNAME = {Rakshit, Geetanjali},
   TITLE = {WitWise: A Funny Proverb Generator}}
@INPROCEEDINGS{winlp18-007,
   AUTHOR = {Jahan, Labiba and Chauhan, Geeticka and Finlayson, Mark A.},
   SORTNAME = {Jahan, Labiba and Chauhan, Geeticka and Finlayson, Mark A.},
   TITLE = {Building on Word Animacy to Determine Coreference Chain Animacy in Cultural Narratives}}
@INPROCEEDINGS{winlp18-014,
   AUTHOR = {Le, Ngoc Tan and Sadat, Fatiha},
   SORTNAME = {Le, Ngoc Tan and Sadat, Fatiha},
   TITLE = {Data Adaptation for Named Entity Recognition in Twitter with Features-Rich CRF}}
@INPROCEEDINGS{winlp18-073,
   AUTHOR = {Mokhtari, Shekoofeh and Xie, Ning and Yankov, Dragomir},
   SORTNAME = {Mokhtari, Shekoofeh and Xie, Ning and Yankov, Dragomir},
   TITLE = {Hierarchical Neural Model for Tagging Address Queries in Map Search}}
@INPROCEEDINGS{winlp18-033,
   AUTHOR = {Edessa, Adey and Yifiru, Martha},
   SORTNAME = {Edessa, Adey and Yifiru, Martha},
   TITLE = {Longer Acoustic Units for Amharic Speech Recognition}}
@INPROCEEDINGS{winlp18-021,
   AUTHOR = {McMillan-Major, Angelina},
   SORTNAME = {McMillan-Major, Angelina},
   TITLE = {Predicting Glosses in Interlinear Glossed Text}}
@INPROCEEDINGS{winlp18-056,
   AUTHOR = {Radhakrishnan, Priya and Gupta, Manish and Varma, Vasudeva},
   SORTNAME = {Radhakrishnan, Priya and Gupta, Manish and Varma, Vasudeva},
   TITLE = {New Entity Identification Approaches in Entity Linking Systems}}
@INPROCEEDINGS{winlp18-076,
   AUTHOR = {Parupalli, Sreekavitha and Singh, Navjyoti},
   SORTNAME = {Parupalli, Sreekavitha and Singh, Navjyoti},
   TITLE = {Enrichment of OntoSenseNet: Adding a Sense-annotated Telugu Lexicon}}
@INPROCEEDINGS{winlp18-025,
   AUTHOR = {Gella, Spandana},
   SORTNAME = {Gella, Spandana},
   TITLE = {Multimodal Multilingual Representation Learning}}
@INPROCEEDINGS{winlp18-027,
   AUTHOR = {Karlekar, Sweta and Bansal, Mohit},
   SORTNAME = {Karlekar, Sweta and Bansal, Mohit},
   TITLE = {\#MeToo: Neural Detection and Explanation of Language in Personal Abuse Stories}}
@INPROCEEDINGS{winlp18-034,
   AUTHOR = {Ngo, Thi Lan and Khac Linh, Pham},
   SORTNAME = {Ngo, Thi Lan and Khac Linh, Pham},
   TITLE = {A Framework for Suggestion Mining from Vietnamese Conversational Texts}}
@INPROCEEDINGS{winlp18-063,
   AUTHOR = {Singh, Navjyoti and Gopidi, Amitha},
   SORTNAME = {Singh, Navjyoti and Gopidi, Amitha},
   TITLE = {Computational Analysis of Polarity in Poetry}}
@INPROCEEDINGS{winlp18-053,
   AUTHOR = {Ezeani, Ignatius and Onyenwe, Ikechukwu and Hepple, Mark and Chioma, Enemouh},
   SORTNAME = {Ezeani, Ignatius and Onyenwe, Ikechukwu and Hepple, Mark and Chioma, Enemouh},
   TITLE = {Learning Diacritic Embeddings}}
