@INPROCEEDINGS{Gen-Deep18-013,
   AUTHOR = {Mitchell, Jeff and Stenetorp, Pontus and Minervini, Pasquale and Riedel, Sebastian},
   SORTNAME = {Mitchell, Jeff and Stenetorp, Pontus and Minervini, Pasquale and Riedel, Sebastian},
   TITLE = {Extrapolation in NLP}}
@INPROCEEDINGS{Gen-Deep18-004,
   AUTHOR = {Jastrzebski, Stanislaw and Bahdanau, Dzmitry and Hosseini, Seyedarian and Noukhovitch, Michael and Bengio, Yoshua and Cheung, Jackie Chi Kit},
   SORTNAME = {Jastrzebski, Stanislaw and Bahdanau, Dzmitry and Hosseini, Seyedarian and Noukhovitch, Michael and Bengio, Yoshua and Cheung, Jackie Chi Kit},
   TITLE = {Commonsense mining as knowledge base completion? A study on the impact of novelty}}
@INPROCEEDINGS{Gen-Deep18-005,
   AUTHOR = {Kuhnle, Alexander and Copestake, Ann},
   SORTNAME = {Kuhnle, Alexander and Copestake, Ann},
   TITLE = {Deep learning evaluation using deep linguistic processing}}
@INPROCEEDINGS{Gen-Deep18-006,
   AUTHOR = {Weber, Noah and Shekhar, Leena and Balasubramanian, Niranjan},
   SORTNAME = {Weber, Noah and Shekhar, Leena and Balasubramanian, Niranjan},
   TITLE = {The Fine Line between Linguistic Generalization and Failure in Seq2Seq-Attention Models}}
@INPROCEEDINGS{Gen-Deep18-014,
   AUTHOR = {Wadhwa, Soumya and Embar, Varsha and Grabmair, Matthias and Nyberg, Eric},
   SORTNAME = {Wadhwa, Soumya and Embar, Varsha and Grabmair, Matthias and Nyberg, Eric},
   TITLE = {Towards Inference-Oriented Reading Comprehension: ParallelQA}}
