@INPROCEEDINGS{CRAC18-010,
   AUTHOR = {Loáiciga, Sharid and Bevacqua, Luca and Rohde, Hannah and Hardmeier, Christian},
   SORTNAME = {Loaiciga, Sharid and Bevacqua, Luca and Rohde, Hannah and Hardmeier, Christian},
   TITLE = {Event versus entity co-reference: Effects of context and form of referring expression}}
@INPROCEEDINGS{CRAC18-009,
   AUTHOR = {Pagel, Janis and Roesiger, Ina},
   SORTNAME = {Pagel, Janis and Roesiger, Ina},
   TITLE = {Towards Bridging Resolution in German: Data Analysis and Rule-based Experiments}}
@INPROCEEDINGS{CRAC18-013,
   AUTHOR = {Poesio, Massimo and Grishina, Yulia and Kolhatkar, Varada and Moosavi, Nafise and Roesiger, Ina and Roussel, Adam and Simonjetz, Fabian and Uma, Alexandra and Uryupina, Olga and Yu, Juntao and Zinsmeister, Heike},
   SORTNAME = {Poesio, Massimo and Grishina, Yulia and Kolhatkar, Varada and Moosavi, Nafise and Roesiger, Ina and Roussel, Adam and Simonjetz, Fabian and Uma, Alexandra and Uryupina, Olga and Yu, Juntao and Zinsmeister, Heike},
   TITLE = {Anaphora Resolution with the ARRAU Corpus}}
@INPROCEEDINGS{CRAC18-005,
   AUTHOR = {Li, Jixing and Fabre, Murielle and Luh, Wen-Ming and Hale, John},
   SORTNAME = {Li, Jixing and Fabre, Murielle and Luh, Wen-Ming and Hale, John},
   TITLE = {Modeling Brain Activity Associated with Pronoun Resolution in English and Chinese}}
@INPROCEEDINGS{CRAC18-008,
   AUTHOR = {Roesiger, Ina and Köper, Maximilian and Nguyen, Kim Anh and Schulte im Walde, Sabine},
   SORTNAME = {Roesiger, Ina and Koper, Maximilian and Nguyen, Kim Anh and Schulte im Walde, Sabine},
   TITLE = {Integrating Predictions from Neural-Network Relation Classifiers into Coreference and Bridging Resolution}}
@INPROCEEDINGS{CRAC18-001,
   AUTHOR = {Zeldes, Amir},
   SORTNAME = {Zeldes, Amir},
   TITLE = {A Predictive Model for Notional Anaphora in English}}
@INPROCEEDINGS{CRAC18-011,
   AUTHOR = {Roussel, Adam},
   SORTNAME = {Roussel, Adam},
   TITLE = {Detecting and Resolving Shell Nouns in German}}
@INPROCEEDINGS{CRAC18-006,
   AUTHOR = {Novák, Michal},
   SORTNAME = {Novak, Michal},
   TITLE = {A Fine-grained Large-scale Analysis of Coreference Projection}}
@INPROCEEDINGS{CRAC18-003,
   AUTHOR = {Nedoluzhko, Anna and Novák, Michal and Ogrodniczuk, Maciej},
   SORTNAME = {Nedoluzhko, Anna and Novak, Michal and Ogrodniczuk, Maciej},
   TITLE = {PAWS: A Multi-lingual Parallel Treebank with Anaphoric Relations}}
@INPROCEEDINGS{CRAC18-015,
   AUTHOR = {Aktaş, Berfin and Scheffler, Tatjana and Stede, Manfred},
   SORTNAME = {Aktas, Berfin and Scheffler, Tatjana and Stede, Manfred},
   TITLE = {Anaphora Resolution for Twitter Conversations: An Exploratory Study}}
@INPROCEEDINGS{CRAC18-007,
   AUTHOR = {Roesiger, Ina},
   SORTNAME = {Roesiger, Ina},
   TITLE = {Rule- and Learning-based Methods for Bridging Resolution in the ARRAU Corpus}}
