@InProceedings{tot-1,
  author    = {Kishore Papineni  and  Salim Roukos  and  Todd Ward  and  Wei-Jing Zhu},
  title     = {\textsc{Bleu}: a Method for Automatic Evaluation of Machine Translation (ACL, 2002)},
  booktitle = {Proceedings of 40th Annual Meeting of the Association for Computational Linguistics},
  month     = {July},
  year      = {2002},
  address   = {Philadelphia, Pennsylvania, USA},
  publisher = {Association for Computational Linguistics},
  pages     = {311--318},
  url       = {http://www.aclweb.org/anthology/P02-1040},
  doi       = {10.3115/1073083.1073135}
}

@InProceedings{tot-2,
  author    = {Michael Collins},
  title     = {Discriminative Training Methods for Hidden Markov Models: Theory and Experiments with Perceptron Algorithms (EMNLP, 2002)},
  booktitle = {Proceedings of the 2002 Conference on Empirical Methods in Natural Language Processing},
  month     = {July},
  year      = {2002},
  publisher = {Association for Computational Linguistics},
  pages     = {1--8},
  url       = {http://www.aclweb.org/anthology/W02-1001},
  doi       = {10.3115/1118693.1118694}
}

@InProceedings{tot-3,
  author    = {Bo Pang  and  Lillian Lee  and  Shivakumar Vaithyanathan },
  title     = {Thumbs up? Sentiment Classification using Machine Learning Techniques (EMNLP, 2002)},
  booktitle = {Proceedings of the 2002 Conference on Empirical Methods in Natural Language Processing},
  month     = {July},
  year      = {2002},
  publisher = {Association for Computational Linguistics},
  pages     = {79--86},
  url       = {http://www.aclweb.org/anthology/W02-1011},
  doi       = {10.3115/1118693.1118704}
}