@INPROCEEDINGS{tacl-463,
   AUTHOR = {Brooke, Julian and Å najder, Jan and Baldwin, Timothy},
   SORTNAME = {Brooke, Julian and Snajder, Jan and Baldwin, Timothy},
   TITLE = {Unsupervised Acquisition of Comprehensive Multiword Lexicons using Competition in an N-Gram Lattice (TACL)}}
@INPROCEEDINGS{tacl-459,
   AUTHOR = {Roy, Subhro and Roth, Dan},
   SORTNAME = {Roy, Subhro and Roth, Dan},
   TITLE = {Mapping to Declarative Knowledge for Word Problem Solving (TACL)}}
@INPROCEEDINGS{tacl-457,
   AUTHOR = {Antoniak, Maria and Mimno, David},
   SORTNAME = {Antoniak, Maria and Mimno, David},
   TITLE = {Evaluating the Stability of Embedding-based Word Similarities (TACL)}}
@INPROCEEDINGS{tacl-451,
   AUTHOR = {Gallagher, Ryan and Reing, Kyle and Kale, David and Ver Steeg, Greg},
   SORTNAME = {Gallagher, Ryan and Reing, Kyle and Kale, David and Ver Steeg, Greg},
   TITLE = {Anchored Correlation Explanation: Topic Modeling with Minimal Domain Knowledge (TACL)}}
@INPROCEEDINGS{tacl-458,
   AUTHOR = {Reimers, Nils and Dehghani, Nazanin and Gurevych, Iryna},
   SORTNAME = {Reimers, Nils and Dehghani, Nazanin and Gurevych, Iryna},
   TITLE = {Event Time Extraction with a Decision Tree of Neural Classifiers (TACL)}}
@INPROCEEDINGS{tacl-450,
   AUTHOR = {Rasooli, Mohammad Sadegh and Collins, Michael},
   SORTNAME = {Rasooli, Mohammad Sadegh and Collins, Michael},
   TITLE = {Cross-Lingual Syntactic Transfer with Limited Resources (TACL)}}
@INPROCEEDINGS{tacl-462,
   AUTHOR = {Williams, Adina and Drozdov, Andrew and Bowman, Samuel},
   SORTNAME = {Williams, Adina and Drozdov, Andrew and Bowman, Samuel},
   TITLE = {Do Latent Tree Learning Models Identify Meaningful Structure in Sentences? (TACL)}}
@INPROCEEDINGS{tacl-452,
   AUTHOR = {Zhang, Yuan and Barzilay, Regina and Jaakkola, Tommi},
   SORTNAME = {Zhang, Yuan and Barzilay, Regina and Jaakkola, Tommi},
   TITLE = {Aspect-augmented Adversarial Networks for Domain Adaptation (TACL)}}
@INPROCEEDINGS{tacl-454,
   AUTHOR = {Aldarmaki, Hanan and Mohan, Mahesh and Diab, Mona},
   SORTNAME = {Aldarmaki, Hanan and Mohan, Mahesh and Diab, Mona},
   TITLE = {Unsupervised Word Mapping Using Structural Similarities in Monolingual Embeddings (TACL)}}
@INPROCEEDINGS{tacl-460,
   AUTHOR = {Sedghi, Hanie and Sabharwal, Ashish},
   SORTNAME = {Sedghi, Hanie and Sabharwal, Ashish},
   TITLE = {Knowledge Completion for Generics using Guided Tensor Factorization (TACL)}}
@INPROCEEDINGS{tacl-456,
   AUTHOR = {Crane, Matt},
   SORTNAME = {Crane, Matt},
   TITLE = {Questionable Answers in Question Answering Research: Reproducibility and Variability of Published Results (TACL)}}
@INPROCEEDINGS{tacl-461,
   AUTHOR = {Buckman, Jacob and Neubig, Graham},
   SORTNAME = {Buckman, Jacob and Neubig, Graham},
   TITLE = {Neural Lattice Language Models (TACL)}}
@INPROCEEDINGS{tacl-464,
   AUTHOR = {Jin, Lifeng and Doshi-Velez, Finale and Miller, Timothy and Schuler, William and Schwartz, Lane},
   SORTNAME = {Jin, Lifeng and Doshi-Velez, Finale and Miller, Timothy and Schuler, William and Schwartz, Lane},
   TITLE = {Unsupervised Grammar Induction with Depth-bounded PCFG (TACL)}}
@INPROCEEDINGS{tacl-455,
   AUTHOR = {Somasundaran, Swapna and Flor, Michael and Chodorow, Martin and Molloy, Hillary and Gyawali, Binod and McCulla, Laura},
   SORTNAME = {Somasundaran, Swapna and Flor, Michael and Chodorow, Martin and Molloy, Hillary and Gyawali, Binod and McCulla, Laura},
   TITLE = {Towards Evaluating Narrative Quality In Student Writing (TACL)}}
@INPROCEEDINGS{tacl-453,
   AUTHOR = {Angelidis, Stefanos and Lapata, Mirella},
   SORTNAME = {Angelidis, Stefanos and Lapata, Mirella},
   TITLE = {Multiple Instance Learning Networks for Fine-Grained Sentiment Analysis (TACL)}}
@INPROCEEDINGS{tacl-449,
   AUTHOR = {Liu, Yang and Lapata, Mirella},
   SORTNAME = {Liu, Yang and Lapata, Mirella},
   TITLE = {Learning Structured Text Representations (TACL)}}
