@INPROCEEDINGS{naacl2018-SRW-3037,
   AUTHOR = {Pierrejean, Benedicte and Tanguy, Ludovic},
   SORTNAME = {Pierrejean, Benedicte and Tanguy, Ludovic},
   TITLE = {Towards Qualitative Word Embeddings Evaluation: Measuring Neighbors Variation}}
@INPROCEEDINGS{naacl2018-SRW-3034,
   AUTHOR = {Tornblad, McKenna and Lapresi, Luke and Homan, Christopher and Ptucha, Raymond and Ovesdotter Alm, Cecilia},
   SORTNAME = {Tornblad, McKenna and Lapresi, Luke and Homan, Christopher and Ptucha, Raymond and Ovesdotter Alm, Cecilia},
   TITLE = {Sensing and Learning Human Annotators Engaged in Narrative Sensemaking}}
@INPROCEEDINGS{naacl2018-SRW-3010,
   AUTHOR = {Jindal, Vasu},
   SORTNAME = {Jindal, Vasu},
   TITLE = {Generating Image Captions in Arabic using Root-Word Based Recurrent Neural Networks and Deep Neural Networks}}
@INPROCEEDINGS{naacl2018-SRW-3040,
   AUTHOR = {Lavrentovich, Alexandra},
   SORTNAME = {Lavrentovich, Alexandra},
   TITLE = {Using Classifier Features to Determine Language Transfer on Morphemes}}
@INPROCEEDINGS{naacl2018-SRW-3026,
   AUTHOR = {Aedmaa, Eleri and KÃ¶per, Maximilian and Schulte im Walde, Sabine},
   SORTNAME = {Aedmaa, Eleri and Koper, Maximilian and Schulte im Walde, Sabine},
   TITLE = {Combining Abstractness and Language-specific Theoretical Indicators for Detecting Non-Literal Usage of Estonian Particle Verbs}}
@INPROCEEDINGS{naacl2018-SRW-3009,
   AUTHOR = {Ezeani, Ignatius and Hepple, Mark and Onyenwe, Ikechukwu and Chioma, Enemouh},
   SORTNAME = {Ezeani, Ignatius and Hepple, Mark and Onyenwe, Ikechukwu and Chioma, Enemouh},
   TITLE = {Igbo Diacritic Restoration using Embedding Models}}
@INPROCEEDINGS{naacl2018-SRW-3015,
   AUTHOR = {Deng, Haohui and Tam, Yik-Cheung},
   SORTNAME = {Deng, Haohui and Tam, Yik-Cheung},
   TITLE = {Read and Comprehend by Gated-Attention Reader with More Belief}}
@INPROCEEDINGS{naacl2018-SRW-3046,
   AUTHOR = {Shin, Hagyeong and Doyle, Gabriel},
   SORTNAME = {Shin, Hagyeong and Doyle, Gabriel},
   TITLE = {Alignment, Acceptance, and Rejection of Group Identities in Online Political Discourse}}
@INPROCEEDINGS{naacl2018-SRW-3052,
   AUTHOR = {Nangia, Nikita and Bowman, Samuel},
   SORTNAME = {Nangia, Nikita and Bowman, Samuel},
   TITLE = {ListOps: A Diagnostic Dataset for Latent Tree Learning}}
@INPROCEEDINGS{naacl2018-SRW-3053,
   AUTHOR = {Acharya, Sabita and Di Eugenio, Barbara and Boyd, Andrew and Cameron, Richard and Dunn Lopez, Karen and Martyn-Nemeth, Pamela and Dickens, Carolyn and Ardati, Amer},
   SORTNAME = {Acharya, Sabita and Di Eugenio, Barbara and Boyd, Andrew and Cameron, Richard and Dunn Lopez, Karen and Martyn-Nemeth, Pamela and Dickens, Carolyn and Ardati, Amer},
   TITLE = {Towards Generating Personalized Hospitalization Summaries}}
@INPROCEEDINGS{naacl2018-SRW-3014,
   AUTHOR = {Kurosawa, Michiki and Matsumura, Yukio and Yamagishi, Hayahide and Komachi, Mamoru},
   SORTNAME = {Kurosawa, Michiki and Matsumura, Yukio and Yamagishi, Hayahide and Komachi, Mamoru},
   TITLE = {Japanese Predicate Conjugation for Neural Machine Translation}}
@INPROCEEDINGS{naacl2018-SRW-3029,
   AUTHOR = {Seyffarth, Esther},
   SORTNAME = {Seyffarth, Esther},
   TITLE = {Verb Alternations and Their Impact on Frame Induction}}
@INPROCEEDINGS{naacl2018-SRW-3030,
   AUTHOR = {Emami, Ali and Trischler, Adam and Suleman, Kaheer and Cheung, Jackie Chi Kit},
   SORTNAME = {Emami, Ali and Trischler, Adam and Suleman, Kaheer and Cheung, Jackie Chi Kit},
   TITLE = {A Generalized Knowledge Hunting Framework for the Winograd Schema Challenge}}
@INPROCEEDINGS{naacl2018-SRW-3051,
   AUTHOR = {Liu, Bing},
   SORTNAME = {Liu, Bing},
   TITLE = {End-to-End Learning of Task-Oriented Dialogs}}
@INPROCEEDINGS{naacl2018-SRW-3050,
   AUTHOR = {Ramesh, Sree Harsha and Sankaranarayanan, Krishna Prasad},
   SORTNAME = {Ramesh, Sree Harsha and Sankaranarayanan, Krishna Prasad},
   TITLE = {Neural Machine Translation for Low Resource Languages using Bilingual Lexicon Induced from Comparable Corpora}}
@INPROCEEDINGS{naacl2018-SRW-3031,
   AUTHOR = {Kameswara Sarma, Prathusha},
   SORTNAME = {Kameswara Sarma, Prathusha},
   TITLE = {Learning Word Embeddings for Data Sparse and Sentiment Rich Data Sets}}
@INPROCEEDINGS{naacl2018-SRW-3017,
   AUTHOR = {Shimanaka, Hiroki and Kajiwara, Tomoyuki and Komachi, Mamoru},
   SORTNAME = {Shimanaka, Hiroki and Kajiwara, Tomoyuki and Komachi, Mamoru},
   TITLE = {Metric for Automatic Machine Translation Evaluation based on Universal Sentence Representations}}
@INPROCEEDINGS{naacl2018-SRW-3043,
   AUTHOR = {Htut, Phu Mon and Bowman, Samuel and Cho, Kyunghyun},
   SORTNAME = {Htut, Phu Mon and Bowman, Samuel and Cho, Kyunghyun},
   TITLE = {Training a Ranking Function for Open-Domain Question Answering}}
@INPROCEEDINGS{naacl2018-SRW-3039,
   AUTHOR = {MacAvaney, Sean and Zeldes, Amir},
   SORTNAME = {MacAvaney, Sean and Zeldes, Amir},
   TITLE = {A Deeper Look into Dependency-Based Word Embeddings}}
@INPROCEEDINGS{naacl2018-SRW-3028,
   AUTHOR = {Vijay, Deepanshu and Bohra, Aditya and Singh, Vinay and Akhtar, Syed Sarfaraz and Shrivastava, Manish},
   SORTNAME = {Vijay, Deepanshu and Bohra, Aditya and Singh, Vinay and Akhtar, Syed Sarfaraz and Shrivastava, Manish},
   TITLE = {Corpus Creation and Emotion Prediction for Hindi-English Code-Mixed Social Media Text}}
