@INPROCEEDINGS{papers-644,
   AUTHOR = {Wang, Josiah and Madhyastha, Pranava Swaroop and Specia, Lucia},
   SORTNAME = {Wang, Josiah and Madhyastha, Pranava Swaroop and Specia, Lucia},
   TITLE = {Object Counts! Bringing Explicit Detections Back into Image Captioning}}
@INPROCEEDINGS{papers-774,
   AUTHOR = {Hätty, Anna and Schulte im Walde, Sabine},
   SORTNAME = {Hatty, Anna and Schulte im Walde, Sabine},
   TITLE = {A Laypeople Study on Terminology Identification across Domains and Task Definitions}}
@INPROCEEDINGS{papers-1105,
   AUTHOR = {Kumar, Abhishek and Kawahara, Daisuke and Kurohashi, Sadao},
   SORTNAME = {Kumar, Abhishek and Kawahara, Daisuke and Kurohashi, Sadao},
   TITLE = {Knowledge-Enriched Two-Layered Attention Network for Sentiment Analysis}}
@INPROCEEDINGS{papers-609,
   AUTHOR = {Xie, Ziang and Genthial, Guillaume and Xie, Stanley and Ng, Andrew and Jurafsky, Dan},
   SORTNAME = {Xie, Ziang and Genthial, Guillaume and Xie, Stanley and Ng, Andrew and Jurafsky, Dan},
   TITLE = {Noising and Denoising Natural Language: Diverse Backtranslation for Grammar Correction}}
@INPROCEEDINGS{papers-980,
   AUTHOR = {Grundkiewicz, Roman and Junczys-Dowmunt, Marcin},
   SORTNAME = {Grundkiewicz, Roman and Junczys-Dowmunt, Marcin},
   TITLE = {Near Human-Level Performance in Grammatical Error Correction with Hybrid Machine Translation}}
@INPROCEEDINGS{papers-002,
   AUTHOR = {Yasunaga, Michihiro and Kasai, Jungo and Radev, Dragomir},
   SORTNAME = {Yasunaga, Michihiro and Kasai, Jungo and Radev, Dragomir},
   TITLE = {Robust Multilingual Part-of-Speech Tagging via Adversarial Training}}
@INPROCEEDINGS{papers-198,
   AUTHOR = {Jin, Mingmin and Luo, Xin and Zhu, Huiling and Zhuo, Hankz Hankui},
   SORTNAME = {Jin, Mingmin and Luo, Xin and Zhu, Huiling and Zhuo, Hankz Hankui},
   TITLE = {Combining Deep Learning and Topic Modeling for Review Understanding in Context-Aware Recommendation}}
@INPROCEEDINGS{papers-972,
   AUTHOR = {Lee, Kenton and He, Luheng and Zettlemoyer, Luke},
   SORTNAME = {Lee, Kenton and He, Luheng and Zettlemoyer, Luke},
   TITLE = {Higher-order Coreference Resolution with Coarse-to-Fine Inference}}
@INPROCEEDINGS{papers-971,
   AUTHOR = {Kaffee, Lucie-Aimée and Elsahar, Hady and Vougiouklis, Pavlos and Gravier, Christophe and Laforest, Frederique and Hare, Jonathon and Simperl, Elena},
   SORTNAME = {Kaffee, Lucie-Aimee and Elsahar, Hady and Vougiouklis, Pavlos and Gravier, Christophe and Laforest, Frederique and Hare, Jonathon and Simperl, Elena},
   TITLE = {Learning to Generate Wikipedia Summaries for Underserved Languages from Wikidata}}
@INPROCEEDINGS{papers-604,
   AUTHOR = {Subramanian, Shivashankar and Cohn, Trevor and Baldwin, Timothy},
   SORTNAME = {Subramanian, Shivashankar and Cohn, Trevor and Baldwin, Timothy},
   TITLE = {Hierarchical Structured Model for Fine-to-Coarse Manifesto Text Analysis}}
@INPROCEEDINGS{papers-657,
   AUTHOR = {Radhakrishnan, Priya and Talukdar, Partha and Varma, Vasudeva},
   SORTNAME = {Radhakrishnan, Priya and Talukdar, Partha and Varma, Vasudeva},
   TITLE = {ELDEN: Improved Entity Linking Using Densified Knowledge Graphs}}
@INPROCEEDINGS{papers-526,
   AUTHOR = {Monroe, Will and Hu, Jennifer and Jong, Andrew and Potts, Christopher},
   SORTNAME = {Monroe, Will and Hu, Jennifer and Jong, Andrew and Potts, Christopher},
   TITLE = {Generating Bilingual Pragmatic Color References}}
@INPROCEEDINGS{papers-136,
   AUTHOR = {Passban, Peyman and Liu, Qun and Way, Andy},
   SORTNAME = {Passban, Peyman and Liu, Qun and Way, Andy},
   TITLE = {Improving Character-Based Decoding Using Target-Side Morphological Information for Neural Machine Translation}}
@INPROCEEDINGS{papers-969,
   AUTHOR = {Gururangan, Suchin and Swayamdipta, Swabha and Levy, Omer and Schwartz, Roy and Bowman, Samuel and Smith, Noah A.},
   SORTNAME = {Gururangan, Suchin and Swayamdipta, Swabha and Levy, Omer and Schwartz, Roy and Bowman, Samuel and Smith, Noah A.},
   TITLE = {Annotation Artifacts in Natural Language Inference Data}}
@INPROCEEDINGS{papers-067,
   AUTHOR = {Williams, Adina and Nangia, Nikita and Bowman, Samuel},
   SORTNAME = {Williams, Adina and Nangia, Nikita and Bowman, Samuel},
   TITLE = {A Broad-Coverage Challenge Corpus for Sentence Understanding through Inference}}
@INPROCEEDINGS{papers-829,
   AUTHOR = {Chen, Peng-Yu and Soo, Von-Wun},
   SORTNAME = {Chen, Peng-Yu and Soo, Von-Wun},
   TITLE = {Humor Recognition Using Deep Learning}}
@INPROCEEDINGS{papers-182,
   AUTHOR = {Benton, Adrian and Dredze, Mark},
   SORTNAME = {Benton, Adrian and Dredze, Mark},
   TITLE = {Deep Dirichlet Multinomial Regression}}
@INPROCEEDINGS{papers-1081,
   AUTHOR = {Honda, Ukyo and Hirao, Tsutomu and Nagata, Masaaki},
   SORTNAME = {Honda, Ukyo and Hirao, Tsutomu and Nagata, Masaaki},
   TITLE = {Pruning Basic Elements for Better Automatic Evaluation of Summaries}}
@INPROCEEDINGS{papers-373,
   AUTHOR = {Kamila, Sabyasachi and Hasanuzzaman, Mohammed and Ekbal, Asif and Bhattacharyya, Pushpak and Way, Andy},
   SORTNAME = {Kamila, Sabyasachi and Hasanuzzaman, Mohammed and Ekbal, Asif and Bhattacharyya, Pushpak and Way, Andy},
   TITLE = {Fine-grained Temporal Orientation and its Relationship with Psycho-demographic Correlates}}
@INPROCEEDINGS{papers-381,
   AUTHOR = {Zhang, Ye and Ding, Nan and Soricut, Radu},
   SORTNAME = {Zhang, Ye and Ding, Nan and Soricut, Radu},
   TITLE = {SHAPED: Shared-Private Encoder-Decoder for Text Style Adaptation}}
@INPROCEEDINGS{papers-505,
   AUTHOR = {Wendlandt, Laura and Kummerfeld, Jonathan K. and Mihalcea, Rada},
   SORTNAME = {Wendlandt, Laura and Kummerfeld, Jonathan K. and Mihalcea, Rada},
   TITLE = {Factors Influencing the Surprising Instability of Word Embeddings}}
@INPROCEEDINGS{papers-718,
   AUTHOR = {Dharmaretnam, Dhanush and Fyshe, Alona},
   SORTNAME = {Dharmaretnam, Dhanush and Fyshe, Alona},
   TITLE = {The Emergence of Semantics in Neural Network Representations of Visual Information}}
@INPROCEEDINGS{papers-192,
   AUTHOR = {Jiang, Jyun-Yu and Chen, Francine and Chen, Yan-Ying and Wang, Wei},
   SORTNAME = {Jiang, Jyun-Yu and Chen, Francine and Chen, Yan-Ying and Wang, Wei},
   TITLE = {Learning to Disentangle Interleaved Conversational Threads with a Siamese Hierarchical Network and Similarity Ranking}}
@INPROCEEDINGS{papers-322,
   AUTHOR = {Liu, Xuan and Cao, Di and Yu, Kai},
   SORTNAME = {Liu, Xuan and Cao, Di and Yu, Kai},
   TITLE = {Binarized LSTM Language Model}}
@INPROCEEDINGS{papers-954,
   AUTHOR = {Koshorek, Omri and Cohen, Adir and Mor, Noam and Rotman, Michael and Berant, Jonathan},
   SORTNAME = {Koshorek, Omri and Cohen, Adir and Mor, Noam and Rotman, Michael and Berant, Jonathan},
   TITLE = {Text Segmentation as a Supervised Learning Task}}
@INPROCEEDINGS{papers-856,
   AUTHOR = {Louis, Annie and Sutton, Charles},
   SORTNAME = {Louis, Annie and Sutton, Charles},
   TITLE = {Deep Dungeons and Dragons: Learning Character-Action Interactions from Role-Playing Game Transcripts}}
@INPROCEEDINGS{papers-166,
   AUTHOR = {Pourdamghani, Nima and Ghazvininejad, Marjan and Knight, Kevin},
   SORTNAME = {Pourdamghani, Nima and Ghazvininejad, Marjan and Knight, Kevin},
   TITLE = {Using Word Vectors to Improve Word Alignments for Low Resource Machine Translation}}
@INPROCEEDINGS{papers-854,
   AUTHOR = {Barbieri, Francesco and Ballesteros, Miguel and Ronzano, Francesco and Saggion, Horacio},
   SORTNAME = {Barbieri, Francesco and Ballesteros, Miguel and Ronzano, Francesco and Saggion, Horacio},
   TITLE = {Multimodal Emoji Prediction}}
@INPROCEEDINGS{papers-480,
   AUTHOR = {Mullenbach, James and Wiegreffe, Sarah and Duke, Jon and Sun, Jimeng and Eisenstein, Jacob},
   SORTNAME = {Mullenbach, James and Wiegreffe, Sarah and Duke, Jon and Sun, Jimeng and Eisenstein, Jacob},
   TITLE = {Explainable Prediction of Medical Codes from Clinical Text}}
@INPROCEEDINGS{papers-437,
   AUTHOR = {Zalmout, Nasser and Erdmann, Alexander and Habash, Nizar},
   SORTNAME = {Zalmout, Nasser and Erdmann, Alexander and Habash, Nizar},
   TITLE = {Noise-Robust Morphological Disambiguation for Dialectal Arabic}}
@INPROCEEDINGS{papers-710,
   AUTHOR = {Stewart, Ian and Pinter, Yuval and Eisenstein, Jacob},
   SORTNAME = {Stewart, Ian and Pinter, Yuval and Eisenstein, Jacob},
   TITLE = {Si O No, Que Penses? Catalonian Independence and Linguistic Identity on Social Media}}
@INPROCEEDINGS{papers-438,
   AUTHOR = {Torabi Asr, Fatemeh and Zinkov, Robert and Jones, Michael},
   SORTNAME = {Torabi Asr, Fatemeh and Zinkov, Robert and Jones, Michael},
   TITLE = {Querying Word Embeddings for Similarity and Relatedness}}
@INPROCEEDINGS{papers-763,
   AUTHOR = {Nguyen, Dai Quoc and Nguyen, Tu Dinh and Nguyen, Dat Quoc and Phung, Dinh},
   SORTNAME = {Nguyen, Dai Quoc and Nguyen, Tu Dinh and Nguyen, Dat Quoc and Phung, Dinh},
   TITLE = {A Novel Embedding Model for Knowledge Base Completion Based on Convolutional Neural Network}}
@INPROCEEDINGS{papers-072,
   AUTHOR = {Hazarika, Devamanyu and Poria, Soujanya and Zadeh, Amir and Cambria, Erik and Morency, Louis-Philippe and Zimmermann, Roger},
   SORTNAME = {Hazarika, Devamanyu and Poria, Soujanya and Zadeh, Amir and Cambria, Erik and Morency, Louis-Philippe and Zimmermann, Roger},
   TITLE = {Conversational Memory Network for Emotion Recognition in Dyadic Dialogue Videos}}
@INPROCEEDINGS{papers-440,
   AUTHOR = {Fried, Daniel and Andreas, Jacob and Klein, Dan},
   SORTNAME = {Fried, Daniel and Andreas, Jacob and Klein, Dan},
   TITLE = {Unified Pragmatic Models for Generating and Following Instructions}}
@INPROCEEDINGS{papers-690,
   AUTHOR = {Fu, Yao and Feng, Yansong},
   SORTNAME = {Fu, Yao and Feng, Yansong},
   TITLE = {Natural Answer Generation with Heterogeneous Memory}}
@INPROCEEDINGS{papers-855,
   AUTHOR = {Huang, Po-Sen and Wang, Chenglong and Singh, Rishabh and Yih, Wen-tau and He, Xiaodong},
   SORTNAME = {Huang, Po-Sen and Wang, Chenglong and Singh, Rishabh and Yih, Wen-tau and He, Xiaodong},
   TITLE = {Natural Language to Structured Query Generation via Meta-Learning}}
@INPROCEEDINGS{papers-504,
   AUTHOR = {Thorne, James and Vlachos, Andreas and Christodoulopoulos, Christos and Mittal, Arpit},
   SORTNAME = {Thorne, James and Vlachos, Andreas and Christodoulopoulos, Christos and Mittal, Arpit},
   TITLE = {FEVER: a Large-scale Dataset for Fact Extraction and VERification}}
@INPROCEEDINGS{papers-448,
   AUTHOR = {Keith, Katherine and Blodgett, Su Lin and O'Connor, Brendan},
   SORTNAME = {Keith, Katherine and Blodgett, Su Lin and O'Connor, Brendan},
   TITLE = {Monte Carlo Syntax Marginals for Exploring and Using Dependency Parses}}
@INPROCEEDINGS{papers-792,
   AUTHOR = {Köper, Maximilian and Schulte im Walde, Sabine},
   SORTNAME = {Koper, Maximilian and Schulte im Walde, Sabine},
   TITLE = {Analogies in Complex Verb Meaning Shifts: the Effect of Affect in Semantic Similarity Models}}
@INPROCEEDINGS{papers-478,
   AUTHOR = {Rosenfeld, Alex and Erk, Katrin},
   SORTNAME = {Rosenfeld, Alex and Erk, Katrin},
   TITLE = {Deep Neural Models of Semantic Shift}}
@INPROCEEDINGS{papers-241,
   AUTHOR = {Narayan, Shashi and Cohen, Shay B. and Lapata, Mirella},
   SORTNAME = {Narayan, Shashi and Cohen, Shay B. and Lapata, Mirella},
   TITLE = {Ranking Sentences for Extractive Summarization with Reinforcement Learning}}
@INPROCEEDINGS{papers-209,
   AUTHOR = {Shen, Yanyao and Tan, Xu and He, Di and Qin, Tao and Liu, Tie-Yan},
   SORTNAME = {Shen, Yanyao and Tan, Xu and He, Di and Qin, Tao and Liu, Tie-Yan},
   TITLE = {Dense Information Flow for Neural Machine Translation}}
@INPROCEEDINGS{papers-510,
   AUTHOR = {Cheng, Pengxiang and Erk, Katrin},
   SORTNAME = {Cheng, Pengxiang and Erk, Katrin},
   TITLE = {Implicit Argument Prediction with Event Knowledge}}
@INPROCEEDINGS{papers-778,
   AUTHOR = {Hasler, Eva and de Gispert, Adrià and Iglesias, Gonzalo and Byrne, Bill},
   SORTNAME = {Hasler, Eva and de Gispert, Adria and Iglesias, Gonzalo and Byrne, Bill},
   TITLE = {Neural Machine Translation Decoding with Terminology Constraints}}
@INPROCEEDINGS{papers-652,
   AUTHOR = {Chen, Huadong and Huang, Shujian and Chiang, David and Dai, XIN-YU and Chen, Jiajun},
   SORTNAME = {Chen, Huadong and Huang, Shujian and Chiang, David and Dai, XIN-YU and Chen, Jiajun},
   TITLE = {Combining Character and Word Information in Neural Machine Translation Using a Multi-Level Attention}}
@INPROCEEDINGS{papers-1093,
   AUTHOR = {Nagesh, Ajay and Surdeanu, Mihai},
   SORTNAME = {Nagesh, Ajay and Surdeanu, Mihai},
   TITLE = {Keep Your Bearings: Lightly-Supervised Information Extraction with Ladder Networks That Avoids Semantic Drift}}
@INPROCEEDINGS{papers-702,
   AUTHOR = {Salant, Shimi and Berant, Jonathan},
   SORTNAME = {Salant, Shimi and Berant, Jonathan},
   TITLE = {Contextualized Word Representations for Reading Comprehension}}
@INPROCEEDINGS{papers-288,
   AUTHOR = {Elsahar, Hady and Gravier, Christophe and Laforest, Frederique},
   SORTNAME = {Elsahar, Hady and Gravier, Christophe and Laforest, Frederique},
   TITLE = {Zero-Shot Question Generation from Knowledge Graphs for Unseen Predicates and Entity Types}}
@INPROCEEDINGS{papers-826,
   AUTHOR = {Sasaki, Shota and Sun, Shuo and Schamoni, Shigehiko and Duh, Kevin and Inui, Kentaro},
   SORTNAME = {Sasaki, Shota and Sun, Shuo and Schamoni, Shigehiko and Duh, Kevin and Inui, Kentaro},
   TITLE = {Cross-Lingual Learning-to-Rank with Shared Representations}}
@INPROCEEDINGS{papers-459,
   AUTHOR = {Grangier, David and Auli, Michael},
   SORTNAME = {Grangier, David and Auli, Michael},
   TITLE = {QuickEdit: Editing Text \& Translations by Crossing Words Out}}
@INPROCEEDINGS{papers-733,
   AUTHOR = {Choshen, Leshem and Abend, Omri},
   SORTNAME = {Choshen, Leshem and Abend, Omri},
   TITLE = {Reference-less Measure of Faithfulness for Grammatical Error Correction}}
@INPROCEEDINGS{papers-044,
   AUTHOR = {Cotterell, Ryan and Eisner, Jason},
   SORTNAME = {Cotterell, Ryan and Eisner, Jason},
   TITLE = {A Deep Generative Model of Vowel Formant Typology}}
@INPROCEEDINGS{papers-982,
   AUTHOR = {Aufrant, Lauriane and Wisniewski, Guillaume and Yvon, François},
   SORTNAME = {Aufrant, Lauriane and Wisniewski, Guillaume and Yvon, Francois},
   TITLE = {Exploiting Dynamic Oracles to Train Projective Dependency Parsers on Non-Projective Trees}}
@INPROCEEDINGS{papers-116,
   AUTHOR = {Liang, Chao-Chun and Wong, Yu-Shiang and Lin, Yi-Chung and Su, Keh-Yih},
   SORTNAME = {Liang, Chao-Chun and Wong, Yu-Shiang and Lin, Yi-Chung and Su, Keh-Yih},
   TITLE = {A Meaning-Based Statistical English Math Word Problem Solver}}
@INPROCEEDINGS{papers-560,
   AUTHOR = {Zhan, Meilin and Levy, Roger},
   SORTNAME = {Zhan, Meilin and Levy, Roger},
   TITLE = {Comparing Theories of Speaker Choice Using a Model of Classifier Production in Mandarin Chinese}}
@INPROCEEDINGS{papers-285,
   AUTHOR = {Vulić, Ivan and Mrkšić, Nikola},
   SORTNAME = {Vulic, Ivan and Mrksic, Nikola},
   TITLE = {Specialising Word Vectors for Lexical Entailment}}
@INPROCEEDINGS{papers-302,
   AUTHOR = {Damonte, Marco and Cohen, Shay B.},
   SORTNAME = {Damonte, Marco and Cohen, Shay B.},
   TITLE = {Cross-Lingual Abstract Meaning Representation Parsing}}
@INPROCEEDINGS{papers-248,
   AUTHOR = {Issa, Fuad and Damonte, Marco and Cohen, Shay B. and Yan, Xiaohui and Chang, Yi},
   SORTNAME = {Issa, Fuad and Damonte, Marco and Cohen, Shay B. and Yan, Xiaohui and Chang, Yi},
   TITLE = {Abstract Meaning Representation for Paraphrase Detection}}
@INPROCEEDINGS{papers-1102,
   AUTHOR = {Tan, Hao and Bansal, Mohit},
   SORTNAME = {Tan, Hao and Bansal, Mohit},
   TITLE = {Object Ordering with Bidirectional Matchings for Visual Reasoning}}
@INPROCEEDINGS{papers-743,
   AUTHOR = {Fernández-González, Daniel and Gómez-Rodríguez, Carlos},
   SORTNAME = {Fernandez-Gonzalez, Daniel and Gomez-Rodriguez, Carlos},
   TITLE = {Non-Projective Dependency Parsing with Non-Local Transitions}}
@INPROCEEDINGS{papers-910,
   AUTHOR = {Cohan, Arman and Dernoncourt, Franck and Kim, Doo Soon and Bui, Trung and Kim, Seokhwan and Chang, Walter and Goharian, Nazli},
   SORTNAME = {Cohan, Arman and Dernoncourt, Franck and Kim, Doo Soon and Bui, Trung and Kim, Seokhwan and Chang, Walter and Goharian, Nazli},
   TITLE = {A Discourse-Aware Attention Model for Abstractive Summarization of Long Documents}}
@INPROCEEDINGS{papers-421,
   AUTHOR = {Rios, Anthony and Kavuluru, Ramakanth},
   SORTNAME = {Rios, Anthony and Kavuluru, Ramakanth},
   TITLE = {EMR Coding with Semi-Parametric Multi-Head Matching Networks}}
@INPROCEEDINGS{papers-882,
   AUTHOR = {Lan, Wuwei and Xu, Wei},
   SORTNAME = {Lan, Wuwei and Xu, Wei},
   TITLE = {Character-Based Neural Networks for Sentence Pair Modeling}}
@INPROCEEDINGS{papers-357,
   AUTHOR = {Richardson, Kyle and Berant, Jonathan and Kuhn, Jonas},
   SORTNAME = {Richardson, Kyle and Berant, Jonathan and Kuhn, Jonas},
   TITLE = {Polyglot Semantic Parsing in APIs}}
@INPROCEEDINGS{papers-195,
   AUTHOR = {Gong, Hongyu and Bhat, Suma and Viswanath, Pramod},
   SORTNAME = {Gong, Hongyu and Bhat, Suma and Viswanath, Pramod},
   TITLE = {Embedding Syntax and Semantics of Prepositions via Tensor Decomposition}}
@INPROCEEDINGS{papers-726,
   AUTHOR = {Manjunatha, Varun and Iyyer, Mohit and Boyd-Graber, Jordan and Davis, Larry},
   SORTNAME = {Manjunatha, Varun and Iyyer, Mohit and Boyd-Graber, Jordan and Davis, Larry},
   TITLE = {Learning to Color from Language}}
@INPROCEEDINGS{papers-788,
   AUTHOR = {Paula, Felipe and Wilkens, Rodrigo and Idiart, Marco and Villavicencio, Aline},
   SORTNAME = {Paula, Felipe and Wilkens, Rodrigo and Idiart, Marco and Villavicencio, Aline},
   TITLE = {Similarity Measures for the Detection of Clinical Conditions with Verbal Fluency Tasks}}
@INPROCEEDINGS{papers-606,
   AUTHOR = {Buechel, Sven and Hahn, Udo},
   SORTNAME = {Buechel, Sven and Hahn, Udo},
   TITLE = {Word Emotion Induction for Multiple Languages as a Deep Multi-Task Learning Problem}}
@INPROCEEDINGS{papers-964,
   AUTHOR = {Cohn-Gordon, Reuben and Goodman, Noah and Potts, Christopher},
   SORTNAME = {Cohn-Gordon, Reuben and Goodman, Noah and Potts, Christopher},
   TITLE = {Pragmatically Informative Image Captioning with Character-Level Inference}}
@INPROCEEDINGS{papers-287,
   AUTHOR = {Ma, Shuming and Sun, Xu and Li, Wei and Li, Sujian and Li, Wenjie and Ren, Xuancheng},
   SORTNAME = {Ma, Shuming and Sun, Xu and Li, Wei and Li, Sujian and Li, Wenjie and Ren, Xuancheng},
   TITLE = {Query and Output: Generating Words by Querying Distributed Word Representations for Paraphrase Generation}}
@INPROCEEDINGS{papers-395,
   AUTHOR = {Gulordava, Kristina and Bojanowski, Piotr and Grave, Edouard and Linzen, Tal and Baroni, Marco},
   SORTNAME = {Gulordava, Kristina and Bojanowski, Piotr and Grave, Edouard and Linzen, Tal and Baroni, Marco},
   TITLE = {Colorless Green Recurrent Networks Dream Hierarchically}}
@INPROCEEDINGS{papers-018,
   AUTHOR = {Sachan, Mrinmaya and Xing, Eric},
   SORTNAME = {Sachan, Mrinmaya and Xing, Eric},
   TITLE = {Self-Training for Jointly Learning to Ask and Answer Questions}}
@INPROCEEDINGS{papers-069,
   AUTHOR = {Wang, Zhenghui and Qu, Yanru and Chen, Liheng and Shen, Jian and Zhang, Weinan and Zhang, Shaodian and Gao, Yimei and Gu, Gen and Chen, Ken and Yu, Yong},
   SORTNAME = {Wang, Zhenghui and Qu, Yanru and Chen, Liheng and Shen, Jian and Zhang, Weinan and Zhang, Shaodian and Gao, Yimei and Gu, Gen and Chen, Ken and Yu, Yong},
   TITLE = {Label-Aware Double Transfer Learning for Cross-Specialty Medical Named Entity Recognition}}
@INPROCEEDINGS{papers-960,
   AUTHOR = {Kashefi, Omid and Lucas, Andrew T. and Hwa, Rebecca},
   SORTNAME = {Kashefi, Omid and Lucas, Andrew T. and Hwa, Rebecca},
   TITLE = {Semantic Pleonasm Detection}}
@INPROCEEDINGS{papers-146,
   AUTHOR = {Nguyen, Dong},
   SORTNAME = {Nguyen, Dong},
   TITLE = {Comparing Automatic and Human Evaluation of Local Explanations for Text Classification}}
@INPROCEEDINGS{papers-132,
   AUTHOR = {Sandbank, Tommy and Shmueli-Scheuer, Michal and Herzig, Jonathan and Konopnicki, David and Richards, John and Piorkowski, David},
   SORTNAME = {Sandbank, Tommy and Shmueli-Scheuer, Michal and Herzig, Jonathan and Konopnicki, David and Richards, John and Piorkowski, David},
   TITLE = {Detecting Egregious Conversations between Customers and Virtual Agents}}
@INPROCEEDINGS{papers-992,
   AUTHOR = {Song, Yan and Shi, Shuming and Li, Jing and Zhang, Haisong},
   SORTNAME = {Song, Yan and Shi, Shuming and Li, Jing and Zhang, Haisong},
   TITLE = {Directional Skip-Gram: Explicitly Distinguishing Left and Right Context for Word Embeddings}}
@INPROCEEDINGS{papers-568,
   AUTHOR = {Handler, Abram and O'Connor, Brendan},
   SORTNAME = {Handler, Abram and O'Connor, Brendan},
   TITLE = {Relational Summarization for Corpus Analysis}}
@INPROCEEDINGS{papers-1008,
   AUTHOR = {Rahgooy, Taher and Manzoor, Umar and Kordjamshidi, Parisa},
   SORTNAME = {Rahgooy, Taher and Manzoor, Umar and Kordjamshidi, Parisa},
   TITLE = {Visually Guided Spatial Relation Extraction from Text}}
@INPROCEEDINGS{papers-725,
   AUTHOR = {Rajendran, Pavithra and Bollegala, Danushka and Parsons, Simon},
   SORTNAME = {Rajendran, Pavithra and Bollegala, Danushka and Parsons, Simon},
   TITLE = {Is Something Better than Nothing? Automatically Predicting Stance-based Arguments Using Deep Learning and Small Labelled Dataset}}
@INPROCEEDINGS{papers-1029,
   AUTHOR = {Jiang, Youxuan and Finegan-Dollak, Catherine and Kummerfeld, Jonathan K. and Lasecki, Walter},
   SORTNAME = {Jiang, Youxuan and Finegan-Dollak, Catherine and Kummerfeld, Jonathan K. and Lasecki, Walter},
   TITLE = {Effective Crowdsourcing for a New Type of Summarization Task}}
@INPROCEEDINGS{papers-539,
   AUTHOR = {Peng, Hao and Thomson, Sam and Swayamdipta, Swabha and Smith, Noah A.},
   SORTNAME = {Peng, Hao and Thomson, Sam and Swayamdipta, Swabha and Smith, Noah A.},
   TITLE = {Learning Joint Semantic Parsers from Disjoint Data}}
@INPROCEEDINGS{papers-1051,
   AUTHOR = {Li, Yitong and Baldwin, Timothy and Cohn, Trevor},
   SORTNAME = {Li, Yitong and Baldwin, Timothy and Cohn, Trevor},
   TITLE = {What's in a Domain? Learning Domain-Robust Text Representations using Adversarial Training}}
@INPROCEEDINGS{papers-486,
   AUTHOR = {K M, Annervaz and Basu Roy Chowdhury, Somnath and Dukkipati, Ambedkar},
   SORTNAME = {K M, Annervaz and Basu Roy Chowdhury, Somnath and Dukkipati, Ambedkar},
   TITLE = {Learning beyond Datasets: Knowledge Graph Augmented Neural Networks for Natural Language Processing}}
@INPROCEEDINGS{papers-225,
   AUTHOR = {Kiela, Douwe and Conneau, Alexis and Jabri, Allan and Nickel, Maximilian},
   SORTNAME = {Kiela, Douwe and Conneau, Alexis and Jabri, Allan and Nickel, Maximilian},
   TITLE = {Learning Visually Grounded Sentence Representations}}
@INPROCEEDINGS{papers-084,
   AUTHOR = {Loukina, Anastassia and Liceralde, Van Rynald T. and Beigman Klebanov, Beata},
   SORTNAME = {Loukina, Anastassia and Liceralde, Van Rynald T. and Beigman Klebanov, Beata},
   TITLE = {Towards Understanding Text Factors in Oral Reading}}
@INPROCEEDINGS{papers-276,
   AUTHOR = {Su, Shang-Yu and Yuan, Pei-Chieh and Chen, Yun-Nung},
   SORTNAME = {Su, Shang-Yu and Yuan, Pei-Chieh and Chen, Yun-Nung},
   TITLE = {How Time Matters: Learning Time-Decay Attention for Contextual Spoken Language Understanding in Dialogues}}
@INPROCEEDINGS{papers-865,
   AUTHOR = {Espinosa Anke, Luis and Schockaert, Steven},
   SORTNAME = {Espinosa Anke, Luis and Schockaert, Steven},
   TITLE = {Syntactically Aware Neural Architectures for Definition Extraction}}
@INPROCEEDINGS{papers-603,
   AUTHOR = {Khashabi, Daniel and Chaturvedi, Snigdha and Roth, Michael and Upadhyay, Shyam and Roth, Dan},
   SORTNAME = {Khashabi, Daniel and Chaturvedi, Snigdha and Roth, Michael and Upadhyay, Shyam and Roth, Dan},
   TITLE = {Looking Beyond the Surface: A Challenge Set for Reading Comprehension over Multiple Sentences}}
@INPROCEEDINGS{papers-184,
   AUTHOR = {Mohtarami, Mitra and Baly, Ramy and Glass, James and Nakov, Preslav and Màrquez, Lluís and Moschitti, Alessandro},
   SORTNAME = {Mohtarami, Mitra and Baly, Ramy and Glass, James and Nakov, Preslav and Marquez, Lluis and Moschitti, Alessandro},
   TITLE = {Automatic Stance Detection Using End-to-End Memory Networks}}
@INPROCEEDINGS{papers-508,
   AUTHOR = {Jo, Yohan and Poddar, Shivani and Jeon, Byungsoo and Shen, Qinlan and Rose, Carolyn and Neubig, Graham},
   SORTNAME = {Jo, Yohan and Poddar, Shivani and Jeon, Byungsoo and Shen, Qinlan and Rose, Carolyn and Neubig, Graham},
   TITLE = {Attentive Interaction Model: Modeling Changes in View in Argumentation}}
@INPROCEEDINGS{papers-090,
   AUTHOR = {Katiyar, Arzoo and Cardie, Claire},
   SORTNAME = {Katiyar, Arzoo and Cardie, Claire},
   TITLE = {Nested Named Entity Recognition Revisited}}
@INPROCEEDINGS{papers-809,
   AUTHOR = {Maharjan, Suraj and Kar, Sudipta and Montes, Manuel and Gonzalez, Fabio A. and Solorio, Thamar},
   SORTNAME = {Maharjan, Suraj and Kar, Sudipta and Montes, Manuel and Gonzalez, Fabio A. and Solorio, Thamar},
   TITLE = {Letting Emotions Flow: Success Prediction by Modeling the Flow of Emotions in Books}}
@INPROCEEDINGS{papers-596,
   AUTHOR = {Gillick, Jon and Bamman, David},
   SORTNAME = {Gillick, Jon and Bamman, David},
   TITLE = {Please Clap: Modeling Applause in Campaign Speeches}}
@INPROCEEDINGS{papers-833,
   AUTHOR = {Yoshikawa, Masashi and Mineshima, Koji and Noji, Hiroshi and Bekki, Daisuke},
   SORTNAME = {Yoshikawa, Masashi and Mineshima, Koji and Noji, Hiroshi and Bekki, Daisuke},
   TITLE = {Consistent CCG Parsing over Multiple Sentences for Improved Logical Reasoning}}
@INPROCEEDINGS{papers-1063,
   AUTHOR = {Karlekar, Sweta and Niu, Tong and Bansal, Mohit},
   SORTNAME = {Karlekar, Sweta and Niu, Tong and Bansal, Mohit},
   TITLE = {Detecting Linguistic Characteristics of Alzheimer's Dementia by Interpreting Neural Models}}
@INPROCEEDINGS{papers-122,
   AUTHOR = {Wiegand, Michael and Ruppenhofer, Josef and Schmidt, Anna and Greenberg, Clayton},
   SORTNAME = {Wiegand, Michael and Ruppenhofer, Josef and Schmidt, Anna and Greenberg, Clayton},
   TITLE = {Inducing a Lexicon of Abusive Words -- a Feature-Based Approach}}
@INPROCEEDINGS{papers-140,
   AUTHOR = {An, Bo and Chen, Bo and Han, Xianpei and Sun, Le},
   SORTNAME = {An, Bo and Chen, Bo and Han, Xianpei and Sun, Le},
   TITLE = {Accurate Text-Enhanced Knowledge Graph Representation Learning}}
@INPROCEEDINGS{papers-723,
   AUTHOR = {Volkova, Svitlana and Ranshous, Stephen and Phillips, Lawrence},
   SORTNAME = {Volkova, Svitlana and Ranshous, Stephen and Phillips, Lawrence},
   TITLE = {Predicting Foreign Language Usage from English-Only Social Media Posts}}
@INPROCEEDINGS{papers-458,
   AUTHOR = {Edunov, Sergey and Ott, Myle and Auli, Michael and Grangier, David and Ranzato, Marc'Aurelio},
   SORTNAME = {Edunov, Sergey and Ott, Myle and Auli, Michael and Grangier, David and Ranzato, Marc'Aurelio},
   TITLE = {Classical Structured Prediction Losses for Sequence to Sequence Learning}}
@INPROCEEDINGS{papers-475,
   AUTHOR = {Hao, Shudong and Boyd-Graber, Jordan and Paul, Michael J.},
   SORTNAME = {Hao, Shudong and Boyd-Graber, Jordan and Paul, Michael J.},
   TITLE = {Lessons from the Bible on Modern Topics: Low-Resource Multilingual Topic Model Evaluation}}
@INPROCEEDINGS{papers-338,
   AUTHOR = {Chambers, Nathanael and Fry, Ben and McMasters, James},
   SORTNAME = {Chambers, Nathanael and Fry, Ben and McMasters, James},
   TITLE = {Detecting Denial-of-Service Attacks from Social Media Text: Applying NLP to Computer Security}}
@INPROCEEDINGS{papers-118,
   AUTHOR = {Chen, Wenhu and Li, Guanlin and Ren, Shuo and Liu, Shujie and Zhang, Zhirui and Li, Mu and Zhou, Ming},
   SORTNAME = {Chen, Wenhu and Li, Guanlin and Ren, Shuo and Liu, Shujie and Zhang, Zhirui and Li, Mu and Zhou, Ming},
   TITLE = {Generative Bridging Network for Neural Sequence Prediction}}
@INPROCEEDINGS{papers-622,
   AUTHOR = {Amplayo, Reinald Kim and Lim, Seonjae and Hwang, Seung-won},
   SORTNAME = {Amplayo, Reinald Kim and Lim, Seonjae and Hwang, Seung-won},
   TITLE = {Entity Commonsense Representation for Neural Abstractive Summarization}}
@INPROCEEDINGS{papers-866,
   AUTHOR = {Xiao, Liqiang and Zhang, Honglun and Chen, Wenqing},
   SORTNAME = {Xiao, Liqiang and Zhang, Honglun and Chen, Wenqing},
   TITLE = {Gated Multi-Task Network for Text Classification}}
@INPROCEEDINGS{papers-878,
   AUTHOR = {Yu, Tao and Li, Zifan and Zhang, Zilin and Zhang, Rui and Radev, Dragomir},
   SORTNAME = {Yu, Tao and Li, Zifan and Zhang, Zilin and Zhang, Rui and Radev, Dragomir},
   TITLE = {TypeSQL: Knowledge-Based Type-Aware Neural Text-to-SQL Generation}}
@INPROCEEDINGS{papers-1045,
   AUTHOR = {Pasunuru, Ramakanth and Bansal, Mohit},
   SORTNAME = {Pasunuru, Ramakanth and Bansal, Mohit},
   TITLE = {Multi-Reward Reinforced Summarization with Saliency and Entailment}}
@INPROCEEDINGS{papers-948,
   AUTHOR = {Shi, Tianze and Gómez-Rodríguez, Carlos and Lee, Lillian},
   SORTNAME = {Shi, Tianze and Gomez-Rodriguez, Carlos and Lee, Lillian},
   TITLE = {Improving Coverage and Runtime Complexity for Exact Inference in Non-Projective Transition-Based Dependency Parsers}}
@INPROCEEDINGS{papers-561,
   AUTHOR = {Jiang, Chao and Yu, Hsiang-Fu and Hsieh, Cho-Jui and Chang, Kai-Wei},
   SORTNAME = {Jiang, Chao and Yu, Hsiang-Fu and Hsieh, Cho-Jui and Chang, Kai-Wei},
   TITLE = {Learning Word Embeddings for Low-resource Languages by PU Learning}}
@INPROCEEDINGS{papers-1097,
   AUTHOR = {Yadav, Shweta and Ekbal, Asif and Saha, Sriparna and Bhattacharyya, Pushpak and Sheth, Amit},
   SORTNAME = {Yadav, Shweta and Ekbal, Asif and Saha, Sriparna and Bhattacharyya, Pushpak and Sheth, Amit},
   TITLE = {Multi-Task Learning Framework for Mining Crowd Intelligence towards Clinical Treatment}}
@INPROCEEDINGS{papers-961,
   AUTHOR = {Weise, Andreas and Levitan, Rivka},
   SORTNAME = {Weise, Andreas and Levitan, Rivka},
   TITLE = {Looking for Structure in Lexical and Acoustic-Prosodic Entrainment Behaviors}}
@INPROCEEDINGS{papers-179,
   AUTHOR = {López Monroy, Adrian Pastor and González, Fabio A. and Escalante, Hugo Jair and Montes, Manuel and Solorio, Thamar},
   SORTNAME = {Lopez Monroy, Adrian Pastor and Gonzalez, Fabio A. and Escalante, Hugo Jair and Montes, Manuel and Solorio, Thamar},
   TITLE = {Early Text Classification Using Multi-Resolution Concept Representations}}
@INPROCEEDINGS{papers-990,
   AUTHOR = {Michael, Julian and Stanovsky, Gabriel and He, Luheng and Dagan, Ido and Zettlemoyer, Luke},
   SORTNAME = {Michael, Julian and Stanovsky, Gabriel and He, Luheng and Dagan, Ido and Zettlemoyer, Luke},
   TITLE = {Crowdsourcing Question-Answer Meaning Representations}}
@INPROCEEDINGS{papers-1049,
   AUTHOR = {Choubey, Prafulla Kumar and Raju, Kaushik and Huang, Ruihong},
   SORTNAME = {Choubey, Prafulla Kumar and Raju, Kaushik and Huang, Ruihong},
   TITLE = {Identifying the Most Dominant Event in a News Article by Mining Event Coreference Relations}}
@INPROCEEDINGS{papers-966,
   AUTHOR = {Schlechtweg, Dominik and Schulte im Walde, Sabine and Eckmann, Stefanie},
   SORTNAME = {Schlechtweg, Dominik and Schulte im Walde, Sabine and Eckmann, Stefanie},
   TITLE = {Diachronic Usage Relatedness (DURel): A Framework for the Annotation of Lexical Semantic Change}}
@INPROCEEDINGS{papers-782,
   AUTHOR = {Vilares, David and Gómez-Rodríguez, Carlos},
   SORTNAME = {Vilares, David and Gomez-Rodriguez, Carlos},
   TITLE = {A Transition-Based Algorithm for Unrestricted AMR Parsing}}
@INPROCEEDINGS{papers-744,
   AUTHOR = {Fernández-González, Daniel and Gómez-Rodríguez, Carlos},
   SORTNAME = {Fernandez-Gonzalez, Daniel and Gomez-Rodriguez, Carlos},
   TITLE = {A Dynamic Oracle for Linear-Time 2-Planar Dependency Parsing}}
@INPROCEEDINGS{papers-399,
   AUTHOR = {Rudinger, Rachel and White, Aaron Steven and Van Durme, Benjamin},
   SORTNAME = {Rudinger, Rachel and White, Aaron Steven and Van Durme, Benjamin},
   TITLE = {Neural Models of Factuality}}
@INPROCEEDINGS{papers-828,
   AUTHOR = {Liu, Fei and Cohn, Trevor and Baldwin, Timothy},
   SORTNAME = {Liu, Fei and Cohn, Trevor and Baldwin, Timothy},
   TITLE = {Recurrent Entity Networks with Delayed Memory Update for Targeted Aspect-Based Sentiment Analysis}}
@INPROCEEDINGS{papers-540,
   AUTHOR = {Azab, Mahmoud and Wang, Mingzhe and Smith, Max and Kojima, Noriyuki and Deng, Jia and Mihalcea, Rada},
   SORTNAME = {Azab, Mahmoud and Wang, Mingzhe and Smith, Max and Kojima, Noriyuki and Deng, Jia and Mihalcea, Rada},
   TITLE = {Speaker Naming in Movies}}
@INPROCEEDINGS{papers-853,
   AUTHOR = {Vilar, David},
   SORTNAME = {Vilar, David},
   TITLE = {Learning Hidden Unit Contribution for Adapting Neural Machine Translation Models}}
@INPROCEEDINGS{papers-955,
   AUTHOR = {Nguyen, Kim Anh and Schulte im Walde, Sabine and Vu, Ngoc Thang},
   SORTNAME = {Nguyen, Kim Anh and Schulte im Walde, Sabine and Vu, Ngoc Thang},
   TITLE = {Introducing Two Vietnamese Datasets for Evaluating Semantic Models of (Dis-)Similarity and Relatedness}}
@INPROCEEDINGS{papers-353,
   AUTHOR = {Ziai, Ramon and Meurers, Detmar},
   SORTNAME = {Ziai, Ramon and Meurers, Detmar},
   TITLE = {Automatic Focus Annotation: Bringing Formal Pragmatics Alive in Analyzing the Information Structure of Authentic Data}}
@INPROCEEDINGS{papers-477,
   AUTHOR = {Ghaeini, Reza and Hasan, Sadid A. and Datla, Vivek and Liu, Joey and Lee, Kathy and Qadir, Ashequl and Ling, Yuan and Prakash, Aaditya and Fern, Xiaoli and Farri, Oladimeji},
   SORTNAME = {Ghaeini, Reza and Hasan, Sadid A. and Datla, Vivek and Liu, Joey and Lee, Kathy and Qadir, Ashequl and Ling, Yuan and Prakash, Aaditya and Fern, Xiaoli and Farri, Oladimeji},
   TITLE = {DR-BiLSTM: Dependent Reading Bidirectional LSTM for Natural Language Inference}}
@INPROCEEDINGS{papers-172,
   AUTHOR = {Washio, Koki and Kato, Tsuneaki},
   SORTNAME = {Washio, Koki and Kato, Tsuneaki},
   TITLE = {Filling Missing Paths: Modeling Co-occurrences of Word Pairs and Dependency Paths for Recognizing Lexical Semantic Relations}}
@INPROCEEDINGS{papers-058,
   AUTHOR = {Ziser, Yftah and Reichart, Roi},
   SORTNAME = {Ziser, Yftah and Reichart, Roi},
   TITLE = {Pivot Based Language Modeling for Improved Neural Domain Adaptation}}
@INPROCEEDINGS{papers-289,
   AUTHOR = {Kenyon-Dean, Kian and Ahmed, Eisha and Fujimoto, Scott and Georges-Filteau, Jeremy and Glasz, Christopher and Kaur, Barleen and Lalande, Auguste and Bhanderi, Shruti and Belfer, Robert and Kanagasabai, Nirmal and Sarrazingendron, Roman and Verma, Rohit and Ruths, Derek},
   SORTNAME = {Kenyon-Dean, Kian and Ahmed, Eisha and Fujimoto, Scott and Georges-Filteau, Jeremy and Glasz, Christopher and Kaur, Barleen and Lalande, Auguste and Bhanderi, Shruti and Belfer, Robert and Kanagasabai, Nirmal and Sarrazingendron, Roman and Verma, Rohit and Ruths, Derek},
   TITLE = {Sentiment Analysis: It's Complicated!}}
@INPROCEEDINGS{papers-1085,
   AUTHOR = {Dhingra, Bhuwan and Danish, Danish and Rajagopal, Dheeraj},
   SORTNAME = {Dhingra, Bhuwan and Danish, Danish and Rajagopal, Dheeraj},
   TITLE = {Simple and Effective Semi-Supervised Question Answering}}
@INPROCEEDINGS{papers-546,
   AUTHOR = {Durmus, Esin and Cardie, Claire},
   SORTNAME = {Durmus, Esin and Cardie, Claire},
   TITLE = {Exploring the Role of Prior Beliefs for Argument Persuasion}}
@INPROCEEDINGS{papers-795,
   AUTHOR = {Hou, Yufang},
   SORTNAME = {Hou, Yufang},
   TITLE = {Enhanced Word Representations for Bridging Anaphora Resolution}}
@INPROCEEDINGS{papers-593,
   AUTHOR = {Prabhakaran, Vinodkumar and Ganeshkumar, Premkumar and Rambow, Owen},
   SORTNAME = {Prabhakaran, Vinodkumar and Ganeshkumar, Premkumar and Rambow, Owen},
   TITLE = {Author Commitment and Social Power: Automatic Belief Tagging to Infer the Social Context of Interactions}}
@INPROCEEDINGS{papers-409,
   AUTHOR = {Barrett, Maria and Gonzalez-Garduño, Ana Valeria and Frermann, Lea and Søgaard, Anders},
   SORTNAME = {Barrett, Maria and Gonzalez-Garduno, Ana Valeria and Frermann, Lea and Søgaard, Anders},
   TITLE = {Unsupervised Induction of Linguistic Categories with Records of Reading, Speaking, and Writing}}
@INPROCEEDINGS{papers-904,
   AUTHOR = {Goo, Chih-Wen and Gao, Guang and Hsu, Yun-Kai and Huo, Chih-Li and Chen, Tsung-Chieh and Hsu, Keng-Wei and Chen, Yun-Nung},
   SORTNAME = {Goo, Chih-Wen and Gao, Guang and Hsu, Yun-Kai and Huo, Chih-Li and Chen, Tsung-Chieh and Hsu, Keng-Wei and Chen, Yun-Nung},
   TITLE = {Slot-Gated Modeling for Joint Slot Filling and Intent Prediction}}
@INPROCEEDINGS{papers-307,
   AUTHOR = {Gupta, Pankaj and Rajaram, Subburam and Andrassy, Bernt and Schütze, Hinrich},
   SORTNAME = {Gupta, Pankaj and Rajaram, Subburam and Andrassy, Bernt and Schutze, Hinrich},
   TITLE = {Deep Temporal-Recurrent-Replicated-Softmax for Topical Trends over Time}}
@INPROCEEDINGS{papers-185,
   AUTHOR = {Andreas, Jacob and Klein, Dan and Levine, Sergey},
   SORTNAME = {Andreas, Jacob and Klein, Dan and Levine, Sergey},
   TITLE = {Learning with Latent Language}}
@INPROCEEDINGS{papers-498,
   AUTHOR = {Upadhyay, Shyam and Vyas, Yogarshi and Carpuat, Marine and Roth, Dan},
   SORTNAME = {Upadhyay, Shyam and Vyas, Yogarshi and Carpuat, Marine and Roth, Dan},
   TITLE = {Robust Cross-Lingual Hypernymy Detection Using Dependency Context}}
@INPROCEEDINGS{papers-213,
   AUTHOR = {Zhang, Yingyi and Li, Jing and Song, Yan and Zhang, Chengzhi},
   SORTNAME = {Zhang, Yingyi and Li, Jing and Song, Yan and Zhang, Chengzhi},
   TITLE = {Encoding Conversation Context for Neural Keyphrase Extraction from Microblog Posts}}
@INPROCEEDINGS{papers-426,
   AUTHOR = {Botschen, Teresa and Gurevych, Iryna and Klie, Jan-Christoph and Mousselly Sergieh, Hatem and Roth, Stefan},
   SORTNAME = {Botschen, Teresa and Gurevych, Iryna and Klie, Jan-Christoph and Mousselly Sergieh, Hatem and Roth, Stefan},
   TITLE = {Multimodal Frame Identification with Multilingual Evaluation}}
@INPROCEEDINGS{papers-975,
   AUTHOR = {Schluter, Natalie},
   SORTNAME = {Schluter, Natalie},
   TITLE = {The Word Analogy Testing Caveat}}
@INPROCEEDINGS{papers-239,
   AUTHOR = {Zhou, Deyu and Guo, Linsen and He, Yulan},
   SORTNAME = {Zhou, Deyu and Guo, Linsen and He, Yulan},
   TITLE = {Neural Storyline Extraction Model for Storyline Generation from News Articles}}
@INPROCEEDINGS{papers-1095,
   AUTHOR = {Baly, Ramy and Mohtarami, Mitra and Glass, James and Màrquez, Lluís and Moschitti, Alessandro and Nakov, Preslav},
   SORTNAME = {Baly, Ramy and Mohtarami, Mitra and Glass, James and Marquez, Lluis and Moschitti, Alessandro and Nakov, Preslav},
   TITLE = {Integrating Stance Detection and Fact Checking in a Unified Corpus}}
@INPROCEEDINGS{papers-998,
   AUTHOR = {Wu, Chun-Kai and Tsai, Richard Tzong-Han},
   SORTNAME = {Wu, Chun-Kai and Tsai, Richard Tzong-Han},
   TITLE = {Cross-language Article Linking Using Cross-Encyclopedia Entity Embedding}}
@INPROCEEDINGS{papers-245,
   AUTHOR = {Bjerva, Johannes and Augenstein, Isabelle},
   SORTNAME = {Bjerva, Johannes and Augenstein, Isabelle},
   TITLE = {From Phonology to Syntax: Unsupervised Linguistic Typology at Different Levels with Language Embeddings}}
@INPROCEEDINGS{papers-383,
   AUTHOR = {Bhagavatula, Chandra and Feldman, Sergey and Power, Russell and Ammar, Waleed},
   SORTNAME = {Bhagavatula, Chandra and Feldman, Sergey and Power, Russell and Ammar, Waleed},
   TITLE = {Content-Based Citation Recommendation}}
@INPROCEEDINGS{papers-563,
   AUTHOR = {Huang, Qiuyuan and Smolensky, Paul and He, Xiaodong and Deng, Li and Wu, Dapeng},
   SORTNAME = {Huang, Qiuyuan and Smolensky, Paul and He, Xiaodong and Deng, Li and Wu, Dapeng},
   TITLE = {Tensor Product Generation Networks for Deep NLP Modeling}}
@INPROCEEDINGS{papers-109,
   AUTHOR = {Chung, Yu-An and Lee, Hung-yi and Glass, James},
   SORTNAME = {Chung, Yu-An and Lee, Hung-yi and Glass, James},
   TITLE = {Supervised and Unsupervised Transfer Learning for Question Answering}}
@INPROCEEDINGS{papers-1041,
   AUTHOR = {Poliak, Adam and Belinkov, Yonatan and Glass, James and Van Durme, Benjamin},
   SORTNAME = {Poliak, Adam and Belinkov, Yonatan and Glass, James and Van Durme, Benjamin},
   TITLE = {On the Evaluation of Semantic Phenomena in Neural Machine Translation Using Natural Language Inference}}
@INPROCEEDINGS{papers-428,
   AUTHOR = {Moon, Seungwhan and Neves, Leonardo and Carvalho, Vitor},
   SORTNAME = {Moon, Seungwhan and Neves, Leonardo and Carvalho, Vitor},
   TITLE = {Multimodal Named Entity Recognition for Short Social Media Posts}}
@INPROCEEDINGS{papers-765,
   AUTHOR = {Ghazvininejad, Marjan and Choi, Yejin and Knight, Kevin},
   SORTNAME = {Ghazvininejad, Marjan and Choi, Yejin and Knight, Kevin},
   TITLE = {Neural Poetry Translation}}
@INPROCEEDINGS{papers-490,
   AUTHOR = {Zopf, Markus and Loza Mencía, Eneldo and Fürnkranz, Johannes},
   SORTNAME = {Zopf, Markus and Loza Mencia, Eneldo and Furnkranz, Johannes},
   TITLE = {Which Scores to Predict in Sentence Regression for Text Summarization?}}
@INPROCEEDINGS{papers-666,
   AUTHOR = {Juraska, Juraj and Karagiannis, Panagiotis and Bowden, Kevin and Walker, Marilyn},
   SORTNAME = {Juraska, Juraj and Karagiannis, Panagiotis and Bowden, Kevin and Walker, Marilyn},
   TITLE = {A Deep Ensemble Model with Slot Alignment for Sequence-to-Sequence Natural Language Generation}}
@INPROCEEDINGS{papers-370,
   AUTHOR = {Yu, Mo and Guo, Xiaoxiao and Yi, Jinfeng and Chang, Shiyu and Potdar, Saloni and Cheng, Yu and Tesauro, Gerald and Wang, Haoyu and Zhou, Bowen},
   SORTNAME = {Yu, Mo and Guo, Xiaoxiao and Yi, Jinfeng and Chang, Shiyu and Potdar, Saloni and Cheng, Yu and Tesauro, Gerald and Wang, Haoyu and Zhou, Bowen},
   TITLE = {Diverse Few-Shot Text Classification with Multiple Metrics}}
@INPROCEEDINGS{papers-757,
   AUTHOR = {Coates, Joshua and Bollegala, Danushka},
   SORTNAME = {Coates, Joshua and Bollegala, Danushka},
   TITLE = {Frustratingly Easy Meta-Embedding -- Computing Meta-Embeddings by Averaging Source Word Embeddings}}
@INPROCEEDINGS{papers-1064,
   AUTHOR = {Jain, Parag and Laha, Anirban and Sankaranarayanan, Karthik and Nema, Preksha and Khapra, Mitesh M. and Shetty, Shreyas},
   SORTNAME = {Jain, Parag and Laha, Anirban and Sankaranarayanan, Karthik and Nema, Preksha and Khapra, Mitesh M. and Shetty, Shreyas},
   TITLE = {A Mixed Hierarchical Attention Based Encoder-Decoder Approach for Standard Table Summarization}}
@INPROCEEDINGS{papers-139,
   AUTHOR = {Liu, Qi and Zhang, Yue and Liu, Jiangming},
   SORTNAME = {Liu, Qi and Zhang, Yue and Liu, Jiangming},
   TITLE = {Learning Domain Representation for Multi-Domain Sentiment Classification}}
@INPROCEEDINGS{papers-309,
   AUTHOR = {Stathopoulos, Yiannos and Baker, Simon and Rei, Marek and Teufel, Simone},
   SORTNAME = {Stathopoulos, Yiannos and Baker, Simon and Rei, Marek and Teufel, Simone},
   TITLE = {Variable Typing: Assigning Meaning to Variables in Mathematical Text}}
@INPROCEEDINGS{papers-705,
   AUTHOR = {Song, Linfeng and Wang, Zhiguo and Hamza, Wael and Zhang, Yue and Gildea, Daniel},
   SORTNAME = {Song, Linfeng and Wang, Zhiguo and Hamza, Wael and Zhang, Yue and Gildea, Daniel},
   TITLE = {Leveraging Context Information for Natural Question Generation}}
@INPROCEEDINGS{papers-125,
   AUTHOR = {Liu, Qi and Zhang, Yue},
   SORTNAME = {Liu, Qi and Zhang, Yue},
   TITLE = {Mining Evidences for Concept Stock Recommendation}}
@INPROCEEDINGS{papers-1114,
   AUTHOR = {Dalvi, Fahim and Durrani, Nadir and Sajjad, Hassan and Vogel, Stephan},
   SORTNAME = {Dalvi, Fahim and Durrani, Nadir and Sajjad, Hassan and Vogel, Stephan},
   TITLE = {Incremental Decoding and Training Methods for Simultaneous Translation in Neural Machine Translation}}
@INPROCEEDINGS{papers-199,
   AUTHOR = {Tran, Trang and Toshniwal, Shubham and Bansal, Mohit and Gimpel, Kevin and Livescu, Karen and Ostendorf, Mari},
   SORTNAME = {Tran, Trang and Toshniwal, Shubham and Bansal, Mohit and Gimpel, Kevin and Livescu, Karen and Ostendorf, Mari},
   TITLE = {Parsing Speech: a Neural Approach to Integrating Lexical and Acoustic-Prosodic Information}}
@INPROCEEDINGS{papers-191,
   AUTHOR = {Tang, Duyu and Duan, Nan and Yan, Zhao and Zhang, Zhirui and Sun, Yibo and Liu, Shujie and Lv, Yuanhua and Zhou, Ming},
   SORTNAME = {Tang, Duyu and Duan, Nan and Yan, Zhao and Zhang, Zhirui and Sun, Yibo and Liu, Shujie and Lv, Yuanhua and Zhou, Ming},
   TITLE = {Learning to Collaborate for Question Answering and Asking}}
@INPROCEEDINGS{papers-290,
   AUTHOR = {Berzak, Yevgeni and Katz, Boris and Levy, Roger},
   SORTNAME = {Berzak, Yevgeni and Katz, Boris and Levy, Roger},
   TITLE = {Assessing Language Proficiency from Eye Movements in Reading}}
@INPROCEEDINGS{papers-078,
   AUTHOR = {Nguyen, Toan and Chiang, David},
   SORTNAME = {Nguyen, Toan and Chiang, David},
   TITLE = {Improving Lexical Choice in Neural Machine Translation}}
@INPROCEEDINGS{papers-580,
   AUTHOR = {Gaddy, David and Stern, Mitchell and Klein, Dan},
   SORTNAME = {Gaddy, David and Stern, Mitchell and Klein, Dan},
   TITLE = {What's Going On in Neural Constituency Parsers? An Analysis}}
@INPROCEEDINGS{papers-1077,
   AUTHOR = {Braune, Fabienne and Hangya, Viktor and Eder, Tobias and Fraser, Alexander},
   SORTNAME = {Braune, Fabienne and Hangya, Viktor and Eder, Tobias and Fraser, Alexander},
   TITLE = {Evaluating bilingual word embeddings on the long tail}}
@INPROCEEDINGS{papers-813,
   AUTHOR = {Hazarika, Devamanyu and Poria, Soujanya and Vij, Prateek and Krishnamurthy, Gangeshwar and Cambria, Erik and Zimmermann, Roger},
   SORTNAME = {Hazarika, Devamanyu and Poria, Soujanya and Vij, Prateek and Krishnamurthy, Gangeshwar and Cambria, Erik and Zimmermann, Roger},
   TITLE = {Modeling Inter-Aspect Dependencies for Aspect-Based Sentiment Analysis}}
@INPROCEEDINGS{papers-565,
   AUTHOR = {Yanaka, Hitomi and Mineshima, Koji and Martínez-Gómez, Pascual and Bekki, Daisuke},
   SORTNAME = {Yanaka, Hitomi and Mineshima, Koji and Martinez-Gomez, Pascual and Bekki, Daisuke},
   TITLE = {Acquisition of Phrase Correspondences Using Natural Deduction Proofs}}
@INPROCEEDINGS{papers-715,
   AUTHOR = {Boudin, Florian},
   SORTNAME = {Boudin, Florian},
   TITLE = {Unsupervised Keyphrase Extraction with Multipartite Graphs}}
@INPROCEEDINGS{papers-1089,
   AUTHOR = {Mahata, Debanjan and Shah, Rajiv Ratn and Kuriakose, John and Zimmermann, Roger},
   SORTNAME = {Mahata, Debanjan and Shah, Rajiv Ratn and Kuriakose, John and Zimmermann, Roger},
   TITLE = {Key2Vec: Automatic Ranked Keyphrase Extraction from Scientific Articles using Phrase Embeddings}}
@INPROCEEDINGS{papers-416,
   AUTHOR = {Kriz, Reno and Miltsakaki, Eleni and Apidianaki, Marianna and Callison-Burch, Chris},
   SORTNAME = {Kriz, Reno and Miltsakaki, Eleni and Apidianaki, Marianna and Callison-Burch, Chris},
   TITLE = {Simplification Using Paraphrases and Context-Based Lexical Substitution}}
@INPROCEEDINGS{papers-408,
   AUTHOR = {Wu, Jiawei and Li, Lei and Wang, William Yang},
   SORTNAME = {Wu, Jiawei and Li, Lei and Wang, William Yang},
   TITLE = {Reinforced Co-Training}}
@INPROCEEDINGS{papers-579,
   AUTHOR = {Watanabe, Kento and Matsubayashi, Yuichiroh and Fukayama, Satoru and Goto, Masataka and Inui, Kentaro and Nakano, Tomoyasu},
   SORTNAME = {Watanabe, Kento and Matsubayashi, Yuichiroh and Fukayama, Satoru and Goto, Masataka and Inui, Kentaro and Nakano, Tomoyasu},
   TITLE = {A Melody-Conditioned Lyrics Language Model}}
@INPROCEEDINGS{papers-513,
   AUTHOR = {Bosselut, Antoine and Celikyilmaz, Asli and He, Xiaodong and Gao, Jianfeng and Huang, Po-Sen and Choi, Yejin},
   SORTNAME = {Bosselut, Antoine and Celikyilmaz, Asli and He, Xiaodong and Gao, Jianfeng and Huang, Po-Sen and Choi, Yejin},
   TITLE = {Discourse-Aware Neural Rewards for Coherent Text Generation}}
@INPROCEEDINGS{papers-291,
   AUTHOR = {Plachouras, Vassilis and Petroni, Fabio and Nugent, Timothy and Leidner, Jochen L.},
   SORTNAME = {Plachouras, Vassilis and Petroni, Fabio and Nugent, Timothy and Leidner, Jochen L.},
   TITLE = {A Comparison of Two Paraphrase Models for Taxonomy Augmentation}}
@INPROCEEDINGS{papers-380,
   AUTHOR = {Kamigaito, Hidetaka and Hayashi, Katsuhiko and Hirao, Tsutomu and Nagata, Masaaki},
   SORTNAME = {Kamigaito, Hidetaka and Hayashi, Katsuhiko and Hirao, Tsutomu and Nagata, Masaaki},
   TITLE = {Higher-order Syntactic Attention Network for Longer Sentence Compression}}
@INPROCEEDINGS{papers-840,
   AUTHOR = {Chandrasekaran, Arjun and Parikh, Devi and Bansal, Mohit},
   SORTNAME = {Chandrasekaran, Arjun and Parikh, Devi and Bansal, Mohit},
   TITLE = {Punny Captions: Witty Wordplay in Image Descriptions}}
@INPROCEEDINGS{papers-551,
   AUTHOR = {Aguilar, Gustavo and López Monroy, Adrian Pastor and González, Fabio and Solorio, Thamar},
   SORTNAME = {Aguilar, Gustavo and Lopez Monroy, Adrian Pastor and Gonzalez, Fabio and Solorio, Thamar},
   TITLE = {Modeling Noisiness to Recognize Named Entities using Multitask Neural Networks on Social Media}}
@INPROCEEDINGS{papers-951,
   AUTHOR = {Madhyastha, Pranava Swaroop and Wang, Josiah and Specia, Lucia},
   SORTNAME = {Madhyastha, Pranava Swaroop and Wang, Josiah and Specia, Lucia},
   TITLE = {Defoiling Foiled Image Captions}}
@INPROCEEDINGS{papers-1002,
   AUTHOR = {Cirik, Volkan and Morency, Louis-Philippe and Berg-Kirkpatrick, Taylor},
   SORTNAME = {Cirik, Volkan and Morency, Louis-Philippe and Berg-Kirkpatrick, Taylor},
   TITLE = {Visual Referring Expression Recognition: What Do Systems Actually Learn?}}
@INPROCEEDINGS{papers-032,
   AUTHOR = {Yang, Zhen and Chen, Wei and Wang, Feng and Xu, Bo},
   SORTNAME = {Yang, Zhen and Chen, Wei and Wang, Feng and Xu, Bo},
   TITLE = {Improving Neural Machine Translation with Conditional Sequence Generative Adversarial Nets}}
@INPROCEEDINGS{papers-531,
   AUTHOR = {Gao, Fei and Wu, Lijun and Zhao, Li and Qin, Tao and Cheng, Xueqi and Liu, Tie-Yan},
   SORTNAME = {Gao, Fei and Wu, Lijun and Zhao, Li and Qin, Tao and Cheng, Xueqi and Liu, Tie-Yan},
   TITLE = {Efficient Sequence Learning with Group Recurrent Networks}}
@INPROCEEDINGS{papers-881,
   AUTHOR = {Patel, Roma and Yang, Yinfei and Marshall, Iain and Nenkova, Ani and Wallace, Byron},
   SORTNAME = {Patel, Roma and Yang, Yinfei and Marshall, Iain and Nenkova, Ani and Wallace, Byron},
   TITLE = {Syntactic Patterns Improve Information Extraction for Medical Search}}
@INPROCEEDINGS{papers-368,
   AUTHOR = {Dalvi, Bhavana and Huang, Lifu and Tandon, Niket and Yih, Wen-tau and Clark, Peter},
   SORTNAME = {Dalvi, Bhavana and Huang, Lifu and Tandon, Niket and Yih, Wen-tau and Clark, Peter},
   TITLE = {Tracking State Changes in Procedural Text: a Challenge Dataset and Models for Process Paragraph Comprehension}}
@INPROCEEDINGS{papers-1039,
   AUTHOR = {Rooshenas, Amirmohammad and Kamath, Aishwarya and McCallum, Andrew},
   SORTNAME = {Rooshenas, Amirmohammad and Kamath, Aishwarya and McCallum, Andrew},
   TITLE = {Training Structured Prediction Energy Networks with Indirect Supervision}}
@INPROCEEDINGS{papers-827,
   AUTHOR = {Wang, Chuan and Li, Bin and Xue, Nianwen},
   SORTNAME = {Wang, Chuan and Li, Bin and Xue, Nianwen},
   TITLE = {Transition-Based Chinese AMR Parsing}}
@INPROCEEDINGS{papers-1032,
   AUTHOR = {Kulkarni, Chaitanya and Xu, Wei and Ritter, Alan and Machiraju, Raghu},
   SORTNAME = {Kulkarni, Chaitanya and Xu, Wei and Ritter, Alan and Machiraju, Raghu},
   TITLE = {An Annotated Corpus for Machine Reading of Instructions in Wet Lab Protocols}}
@INPROCEEDINGS{papers-1007,
   AUTHOR = {Shaw, Peter and Uszkoreit, Jakob and Vaswani, Ashish},
   SORTNAME = {Shaw, Peter and Uszkoreit, Jakob and Vaswani, Ashish},
   TITLE = {Self-Attention with Relative Position Representations}}
@INPROCEEDINGS{papers-492,
   AUTHOR = {Card, Dallas and Smith, Noah A.},
   SORTNAME = {Card, Dallas and Smith, Noah A.},
   TITLE = {The Importance of Calibration for Estimating Proportions from Annotations}}
@INPROCEEDINGS{papers-362,
   AUTHOR = {Post, Matt and Vilar, David},
   SORTNAME = {Post, Matt and Vilar, David},
   TITLE = {Fast Lexically Constrained Decoding with Dynamic Beam Allocation for Neural Machine Translation}}
@INPROCEEDINGS{papers-739,
   AUTHOR = {Kobayashi, Sosuke},
   SORTNAME = {Kobayashi, Sosuke},
   TITLE = {Contextual Augmentation: Data Augmentation by Words with Paradigmatic Relations}}
@INPROCEEDINGS{papers-415,
   AUTHOR = {Junczys-Dowmunt, Marcin and Grundkiewicz, Roman and Guha, Shubha and Heafield, Kenneth},
   SORTNAME = {Junczys-Dowmunt, Marcin and Grundkiewicz, Roman and Guha, Shubha and Heafield, Kenneth},
   TITLE = {Approaching Neural Grammatical Error Correction as a Low-Resource Machine Translation Task}}
@INPROCEEDINGS{papers-093,
   AUTHOR = {Liu, Frederick and Lu, Han and Neubig, Graham},
   SORTNAME = {Liu, Frederick and Lu, Han and Neubig, Graham},
   TITLE = {Handling Homographs in Neural Machine Translation}}
@INPROCEEDINGS{papers-352,
   AUTHOR = {Bhat, Irshad and Bhat, Riyaz A. and Shrivastava, Manish and Sharma, Dipti},
   SORTNAME = {Bhat, Irshad and Bhat, Riyaz A. and Shrivastava, Manish and Sharma, Dipti},
   TITLE = {Universal Dependency Parsing for Hindi-English Code-Switching}}
@INPROCEEDINGS{papers-348,
   AUTHOR = {Yoon, Seunghyun and Shin, Joongbo and Jung, Kyomin},
   SORTNAME = {Yoon, Seunghyun and Shin, Joongbo and Jung, Kyomin},
   TITLE = {Learning to Rank Question-Answer Pairs Using Hierarchical Recurrent Encoder with Latent Topic Clustering}}
@INPROCEEDINGS{papers-165,
   AUTHOR = {Xu, Peng and Barbosa, Denilson},
   SORTNAME = {Xu, Peng and Barbosa, Denilson},
   TITLE = {Neural Fine-Grained Entity Type Classification with Hierarchy-Aware Loss}}
@INPROCEEDINGS{papers-489,
   AUTHOR = {Rios, Miguel and Aziz, Wilker and Simaan, Khalil},
   SORTNAME = {Rios, Miguel and Aziz, Wilker and Simaan, Khalil},
   TITLE = {Deep Generative Model for Joint Alignment and Word Representation}}
@INPROCEEDINGS{papers-454,
   AUTHOR = {Farag, Youmna and Yannakoudakis, Helen and Briscoe, Ted},
   SORTNAME = {Farag, Youmna and Yannakoudakis, Helen and Briscoe, Ted},
   TITLE = {Neural Automated Essay Scoring and Coherence Modeling for Adversarially Crafted Input}}
@INPROCEEDINGS{papers-665,
   AUTHOR = {Zopf, Markus},
   SORTNAME = {Zopf, Markus},
   TITLE = {Estimating Summary Quality with Pairwise Preferences}}
@INPROCEEDINGS{papers-306,
   AUTHOR = {Pryzant, Reid and Shen, Kelly and Jurafsky, Dan and Wagner, Stefan},
   SORTNAME = {Pryzant, Reid and Shen, Kelly and Jurafsky, Dan and Wagner, Stefan},
   TITLE = {Deconfounded Lexicon Induction for Interpretable Social Science}}
@INPROCEEDINGS{papers-578,
   AUTHOR = {Dai, Zeyu and Huang, Ruihong},
   SORTNAME = {Dai, Zeyu and Huang, Ruihong},
   TITLE = {Improving Implicit Discourse Relation Classification by Modeling Inter-dependencies of Discourse Units in a Paragraph}}
@INPROCEEDINGS{papers-142,
   AUTHOR = {Petroni, Fabio and Plachouras, Vassilis and Nugent, Timothy and Leidner, Jochen L.},
   SORTNAME = {Petroni, Fabio and Plachouras, Vassilis and Nugent, Timothy and Leidner, Jochen L.},
   TITLE = {attr2vec: Jointly Learning Word and Contextual Attribute Embeddings with Factorization Machines}}
@INPROCEEDINGS{papers-482,
   AUTHOR = {Kasai, Jungo and Frank, Robert and Xu, Pauli and Merrill, William and Rambow, Owen},
   SORTNAME = {Kasai, Jungo and Frank, Robert and Xu, Pauli and Merrill, William and Rambow, Owen},
   TITLE = {End-to-end Graph-Based TAG Parsing with Neural Networks}}
@INPROCEEDINGS{papers-385,
   AUTHOR = {Gupta, Pankaj and Roth, Benjamin and Schütze, Hinrich},
   SORTNAME = {Gupta, Pankaj and Roth, Benjamin and Schutze, Hinrich},
   TITLE = {Joint Bootstrapping Machines for High Confidence Relation Extraction}}
@INPROCEEDINGS{papers-081,
   AUTHOR = {Rajani, Nazneen Fatema and Mooney, Raymond},
   SORTNAME = {Rajani, Nazneen Fatema and Mooney, Raymond},
   TITLE = {Stacking with Auxiliary Features for Visual Question Answering}}
@INPROCEEDINGS{papers-365,
   AUTHOR = {Perez-Beltrachini, Laura and Lapata, Mirella},
   SORTNAME = {Perez-Beltrachini, Laura and Lapata, Mirella},
   TITLE = {Bootstrapping Generators from Noisy Data}}
@INPROCEEDINGS{papers-957,
   AUTHOR = {Novikova, Jekaterina and Dušek, Ondřej and Rieser, Verena},
   SORTNAME = {Novikova, Jekaterina and Dusek, Ondrej and Rieser, Verena},
   TITLE = {RankME: Reliable Human Ratings for Natural Language Generation}}
@INPROCEEDINGS{papers-423,
   AUTHOR = {Marasovic, Ana and Frank, Anette},
   SORTNAME = {Marasovic, Ana and Frank, Anette},
   TITLE = {SRL4ORL: Improving Opinion Role Labeling Using Multi-Task Learning with Semantic Role Labeling}}
@INPROCEEDINGS{papers-1108,
   AUTHOR = {Huang, Chenyang and Zaiane, Osmar and Trabelsi, Amine and Dziri, Nouha},
   SORTNAME = {Huang, Chenyang and Zaiane, Osmar and Trabelsi, Amine and Dziri, Nouha},
   TITLE = {Automatic Dialogue Generation with Expressed Emotions}}
@INPROCEEDINGS{papers-1070,
   AUTHOR = {Dhingra, Bhuwan and Jin, Qiao and Yang, Zhilin and Cohen, William and Salakhutdinov, Ruslan},
   SORTNAME = {Dhingra, Bhuwan and Jin, Qiao and Yang, Zhilin and Cohen, William and Salakhutdinov, Ruslan},
   TITLE = {Neural Models for Reasoning over Multiple Mentions Using Coreference}}
@INPROCEEDINGS{papers-924,
   AUTHOR = {Dingwall, Nicholas and Potts, Christopher},
   SORTNAME = {Dingwall, Nicholas and Potts, Christopher},
   TITLE = {Mittens: an Extension of GloVe for Learning Domain-Specialized Representations}}
@INPROCEEDINGS{papers-214,
   AUTHOR = {Liu, Yijia and Zhu, Yi and Che, Wanxiang and Qin, Bing and Schneider, Nathan and Smith, Noah A.},
   SORTNAME = {Liu, Yijia and Zhu, Yi and Che, Wanxiang and Qin, Bing and Schneider, Nathan and Smith, Noah A.},
   TITLE = {Parsing Tweets into Universal Dependencies}}
@INPROCEEDINGS{papers-804,
   AUTHOR = {Casanueva, Iñigo and Budzianowski, Paweł and Su, Pei-Hao and Ultes, Stefan and Rojas Barahona, Lina M. and Tseng, Bo-Hsiang and Gasic, Milica},
   SORTNAME = {Casanueva, Inigo and Budzianowski, Paweł and Su, Pei-Hao and Ultes, Stefan and Rojas Barahona, Lina M. and Tseng, Bo-Hsiang and Gasic, Milica},
   TITLE = {Feudal Reinforcement Learning for Dialogue Management in Large Domains}}
@INPROCEEDINGS{papers-1074,
   AUTHOR = {Wang, Yicheng and Bansal, Mohit},
   SORTNAME = {Wang, Yicheng and Bansal, Mohit},
   TITLE = {Robust Machine Comprehension Models via Adversarial Training}}
@INPROCEEDINGS{papers-640,
   AUTHOR = {Iyyer, Mohit and Wieting, John and Gimpel, Kevin and Zettlemoyer, Luke},
   SORTNAME = {Iyyer, Mohit and Wieting, John and Gimpel, Kevin and Zettlemoyer, Luke},
   TITLE = {Adversarial Example Generation with Syntactically Controlled Paraphrase Networks}}
@INPROCEEDINGS{papers-420,
   AUTHOR = {Suster, Simon and Daelemans, Walter},
   SORTNAME = {Suster, Simon and Daelemans, Walter},
   TITLE = {CliCR: a Dataset of Clinical Case Reports for Machine Reading Comprehension}}
@INPROCEEDINGS{papers-959,
   AUTHOR = {Glavaš, Goran and Vulić, Ivan},
   SORTNAME = {Glavas, Goran and Vulic, Ivan},
   TITLE = {Discriminating between Lexico-Semantic Relations with the Specialization Tensor Model}}
@INPROCEEDINGS{papers-231,
   AUTHOR = {Zhou, Deyu and Yang, Yang and He, Yulan},
   SORTNAME = {Zhou, Deyu and Yang, Yang and He, Yulan},
   TITLE = {Relevant Emotion Ranking from Text Constrained with Emotion Relationships}}
@INPROCEEDINGS{papers-945,
   AUTHOR = {Buljan, Maja and Padó, Sebastian and Šnajder, Jan},
   SORTNAME = {Buljan, Maja and Pado, Sebastian and Snajder, Jan},
   TITLE = {Lexical Substitution for Evaluating Compositional Distributional Models}}
@INPROCEEDINGS{papers-024,
   AUTHOR = {Sulem, Elior and Abend, Omri and Rappoport, Ari},
   SORTNAME = {Sulem, Elior and Abend, Omri and Rappoport, Ari},
   TITLE = {Semantic Structural Evaluation for Text Simplification}}
@INPROCEEDINGS{papers-051,
   AUTHOR = {Talmor, Alon and Berant, Jonathan},
   SORTNAME = {Talmor, Alon and Berant, Jonathan},
   TITLE = {The Web as a Knowledge-base for Answering Complex Questions}}
@INPROCEEDINGS{papers-444,
   AUTHOR = {Ju, Meizhi and Miwa, Makoto and Ananiadou, Sophia},
   SORTNAME = {Ju, Meizhi and Miwa, Makoto and Ananiadou, Sophia},
   TITLE = {A Neural Layered Model for Nested Named Entity Recognition}}
@INPROCEEDINGS{papers-061,
   AUTHOR = {Miculicich Werlen, Lesly and Pappas, Nikolaos and Ram, Dhananjay and Popescu-Belis, Andrei},
   SORTNAME = {Miculicich Werlen, Lesly and Pappas, Nikolaos and Ram, Dhananjay and Popescu-Belis, Andrei},
   TITLE = {Self-Attentive Residual Decoder for Neural Machine Translation}}
@INPROCEEDINGS{papers-103,
   AUTHOR = {Assylbekov, Zhenisbek and Takhanov, Rustem},
   SORTNAME = {Assylbekov, Zhenisbek and Takhanov, Rustem},
   TITLE = {Reusing Weights in Subword-Aware Neural Language Models}}
@INPROCEEDINGS{papers-391,
   AUTHOR = {Kulkarni, Vivek and Wang, William Yang},
   SORTNAME = {Kulkarni, Vivek and Wang, William Yang},
   TITLE = {Simple Models for Word Formation in Slang}}
@INPROCEEDINGS{papers-779,
   AUTHOR = {Wang, Su and Durrett, Greg and Erk, Katrin},
   SORTNAME = {Wang, Su and Durrett, Greg and Erk, Katrin},
   TITLE = {Modeling Semantic Plausibility by Injecting World Knowledge}}
@INPROCEEDINGS{papers-212,
   AUTHOR = {Schuster, Sebastian and Nivre, Joakim and Manning, Christopher D.},
   SORTNAME = {Schuster, Sebastian and Nivre, Joakim and Manning, Christopher D.},
   TITLE = {Sentences with Gapping: Parsing and Reconstructing Elided Predicates}}
@INPROCEEDINGS{papers-015,
   AUTHOR = {Shwartz, Vered and Waterson, Chris},
   SORTNAME = {Shwartz, Vered and Waterson, Chris},
   TITLE = {Olive Oil is Made \emph{of} Olives, Baby Oil is Made \emph{for} Babies: Interpreting Noun Compounds Using Paraphrases in a Neural Model}}
@INPROCEEDINGS{papers-446,
   AUTHOR = {Gu, Jiatao and Hassan, Hany and Devlin, Jacob and Li, Victor O.K.},
   SORTNAME = {Gu, Jiatao and Hassan, Hany and Devlin, Jacob and Li, Victor O.K.},
   TITLE = {Universal Neural Machine Translation for Extremely Low Resource Languages}}
@INPROCEEDINGS{papers-602,
   AUTHOR = {Li, Juncen and Jia, Robin and He, He and Liang, Percy},
   SORTNAME = {Li, Juncen and Jia, Robin and He, He and Liang, Percy},
   TITLE = {Delete, Retrieve, Generate: a Simple Approach to Sentiment and Style Transfer}}
@INPROCEEDINGS{papers-183,
   AUTHOR = {Tran, Quan Hung and Lai, Tuan and Zukerman, Ingrid and Haffari, Gholamreza and Bui, Trung and Bui, Hung},
   SORTNAME = {Tran, Quan Hung and Lai, Tuan and Zukerman, Ingrid and Haffari, Gholamreza and Bui, Trung and Bui, Hung},
   TITLE = {The Context-dependent Additive Recurrent Neural Net}}
@INPROCEEDINGS{papers-1098,
   AUTHOR = {Schulz, Claudia and Eger, Steffen and Daxenberger, Johannes and Kahse, Tobias and Gurevych, Iryna},
   SORTNAME = {Schulz, Claudia and Eger, Steffen and Daxenberger, Johannes and Kahse, Tobias and Gurevych, Iryna},
   TITLE = {Multi-Task Learning for Argumentation Mining in Low-Resource Settings}}
@INPROCEEDINGS{papers-1027,
   AUTHOR = {Qian, Jing and ElSherief, Mai and Belding, Elizabeth and Wang, William Yang},
   SORTNAME = {Qian, Jing and ElSherief, Mai and Belding, Elizabeth and Wang, William Yang},
   TITLE = {Leveraging Intra-User and Inter-User Representation Learning for Automated Hate Speech Detection}}
@INPROCEEDINGS{papers-272,
   AUTHOR = {Chao, Wei-Lun and Hu, Hexiang and Sha, Fei},
   SORTNAME = {Chao, Wei-Lun and Hu, Hexiang and Sha, Fei},
   TITLE = {Being Negative but Constructively: Lessons Learnt from Creating Better Visual Question Answering Datasets}}
@INPROCEEDINGS{papers-862,
   AUTHOR = {Pasquer, Caroline and Savary, Agata and Antoine, Jean-Yves and Ramisch, Carlos},
   SORTNAME = {Pasquer, Caroline and Savary, Agata and Antoine, Jean-Yves and Ramisch, Carlos},
   TITLE = {Towards a Variability Measure for Multiword Expressions}}
@INPROCEEDINGS{papers-082,
   AUTHOR = {Mohammed, Salman and Shi, Peng and Lin, Jimmy},
   SORTNAME = {Mohammed, Salman and Shi, Peng and Lin, Jimmy},
   TITLE = {Strong Baselines for Simple Question Answering over Knowledge Graphs with and without Neural Networks}}
@INPROCEEDINGS{papers-007,
   AUTHOR = {Krishna, Kundan and Srinivasan, Balaji Vasan},
   SORTNAME = {Krishna, Kundan and Srinivasan, Balaji Vasan},
   TITLE = {Generating Topic-Oriented Summaries Using Neural Attention}}
@INPROCEEDINGS{papers-995,
   AUTHOR = {Cotterell, Ryan and Mielke, Sebastian J. and Eisner, Jason and Roark, Brian},
   SORTNAME = {Cotterell, Ryan and Mielke, Sebastian J. and Eisner, Jason and Roark, Brian},
   TITLE = {Are All Languages Equally Hard to Language-Model?}}
@INPROCEEDINGS{papers-376,
   AUTHOR = {Peters, Matthew and Neumann, Mark and Iyyer, Mohit and Gardner, Matt and Clark, Christopher and Lee, Kenton and Zettlemoyer, Luke},
   SORTNAME = {Peters, Matthew and Neumann, Mark and Iyyer, Mohit and Gardner, Matt and Clark, Christopher and Lee, Kenton and Zettlemoyer, Luke},
   TITLE = {Deep Contextualized Word Representations}}
@INPROCEEDINGS{papers-768,
   AUTHOR = {Robertson, Alexander and Goldwater, Sharon},
   SORTNAME = {Robertson, Alexander and Goldwater, Sharon},
   TITLE = {Evaluating Historical Text Normalization Systems: How Well Do They Generalize?}}
@INPROCEEDINGS{papers-613,
   AUTHOR = {Ma, Kaixin and Jurczyk, Tomasz and Choi, Jinho D.},
   SORTNAME = {Ma, Kaixin and Jurczyk, Tomasz and Choi, Jinho D.},
   TITLE = {Challenging Reading Comprehension on Daily Conversation: Passage Completion on Multiparty Dialog}}
@INPROCEEDINGS{papers-181,
   AUTHOR = {Yang, Yi and Irsoy, Ozan and Rahman, Kazi Shefaet},
   SORTNAME = {Yang, Yi and Irsoy, Ozan and Rahman, Kazi Shefaet},
   TITLE = {Collective Entity Disambiguation with Structured Gradient Tree Boosting}}
@INPROCEEDINGS{papers-548,
   AUTHOR = {Nema, Preksha and Shetty, Shreyas and Jain, Parag and Laha, Anirban and Sankaranarayanan, Karthik and Khapra, Mitesh M.},
   SORTNAME = {Nema, Preksha and Shetty, Shreyas and Jain, Parag and Laha, Anirban and Sankaranarayanan, Karthik and Khapra, Mitesh M.},
   TITLE = {Generating Descriptions from Structured Data Using a Bifocal Attention Mechanism and Gated Orthogonalization}}
@INPROCEEDINGS{papers-597,
   AUTHOR = {Clark, Elizabeth and Ji, Yangfeng and Smith, Noah A.},
   SORTNAME = {Clark, Elizabeth and Ji, Yangfeng and Smith, Noah A.},
   TITLE = {Neural Text Generation in Stories Using Entity Representations as Context}}
@INPROCEEDINGS{papers-585,
   AUTHOR = {Zaremoodi, Poorya and Haffari, Gholamreza},
   SORTNAME = {Zaremoodi, Poorya and Haffari, Gholamreza},
   TITLE = {Neural Machine Translation for Bilingually Scarce Scenarios: a Deep Multi-Task Learning Approach}}
@INPROCEEDINGS{papers-916,
   AUTHOR = {Su, Shang-Yu and Lo, Kai-Ling and Yeh, Yi Ting and Chen, Yun-Nung},
   SORTNAME = {Su, Shang-Yu and Lo, Kai-Ling and Yeh, Yi Ting and Chen, Yun-Nung},
   TITLE = {Natural Language Generation by Hierarchical Decoding with Linguistic Patterns}}
@INPROCEEDINGS{papers-970,
   AUTHOR = {Gella, Spandana and Keller, Frank},
   SORTNAME = {Gella, Spandana and Keller, Frank},
   TITLE = {An Evaluation of Image-Based Verb Prediction Models against Human Eye-Tracking Data}}
@INPROCEEDINGS{papers-461,
   AUTHOR = {Hessel, Jack and Mimno, David and Lee, Lillian},
   SORTNAME = {Hessel, Jack and Mimno, David and Lee, Lillian},
   TITLE = {Quantifying the Visual Concreteness of Words and Topics in Multimodal Datasets}}
@INPROCEEDINGS{papers-626,
   AUTHOR = {Su, Yu and Liu, Honglei and Yavuz, Semih and Gur, Izzeddin and Sun, Huan and Yan, Xifeng},
   SORTNAME = {Su, Yu and Liu, Honglei and Yavuz, Semih and Gur, Izzeddin and Sun, Huan and Yan, Xifeng},
   TITLE = {Global Relation Embedding for Relation Extraction}}
@INPROCEEDINGS{papers-885,
   AUTHOR = {Marcheggiani, Diego and Bastings, Joost and Titov, Ivan},
   SORTNAME = {Marcheggiani, Diego and Bastings, Joost and Titov, Ivan},
   TITLE = {Exploiting Semantics in Neural Machine Translation with Graph Convolutional Networks}}
@INPROCEEDINGS{papers-672,
   AUTHOR = {Sanchez, Ivan and Mitchell, Jeff and Riedel, Sebastian},
   SORTNAME = {Sanchez, Ivan and Mitchell, Jeff and Riedel, Sebastian},
   TITLE = {Behavior Analysis of NLI Models: Uncovering the Influence of Three Factors on Robustness}}
@INPROCEEDINGS{papers-171,
   AUTHOR = {Wang, Yu-Siang and Liu, Chenxi and Zeng, Xiaohui and Yuille, Alan},
   SORTNAME = {Wang, Yu-Siang and Liu, Chenxi and Zeng, Xiaohui and Yuille, Alan},
   TITLE = {Scene Graph Parsing as Dependency Parsing}}
@INPROCEEDINGS{papers-073,
   AUTHOR = {Gorinski, Philip John and Lapata, Mirella},
   SORTNAME = {Gorinski, Philip John and Lapata, Mirella},
   TITLE = {What's This Movie About? A Joint Neural Network Architecture for Movie Content Analysis}}
@INPROCEEDINGS{papers-156,
   AUTHOR = {Chen, Xilun and Cardie, Claire},
   SORTNAME = {Chen, Xilun and Cardie, Claire},
   TITLE = {Multinomial Adversarial Networks for Multi-Domain Text Classification}}
@INPROCEEDINGS{papers-382,
   AUTHOR = {Vulić, Ivan and Glavaš, Goran and Mrkšić, Nikola and Korhonen, Anna},
   SORTNAME = {Vulic, Ivan and Glavas, Goran and Mrksic, Nikola and Korhonen, Anna},
   TITLE = {Post-Specialisation: Retrofitting Vectors of Words Unseen in Lexical Resources}}
@INPROCEEDINGS{papers-1050,
   AUTHOR = {Vempala, Alakananda and Blanco, Eduardo and Palmer, Alexis},
   SORTNAME = {Vempala, Alakananda and Blanco, Eduardo and Palmer, Alexis},
   TITLE = {Determining Event Durations: Models and Error Analysis}}
@INPROCEEDINGS{papers-282,
   AUTHOR = {Zeng, Xingshan and Li, Jing and Wang, Lu and Beauchamp, Nicholas and Shugars, Sarah and Wong, Kam-Fai},
   SORTNAME = {Zeng, Xingshan and Li, Jing and Wang, Lu and Beauchamp, Nicholas and Shugars, Sarah and Wong, Kam-Fai},
   TITLE = {Microblog Conversation Recommendation via Joint Modeling of Topics and Discourse}}
@INPROCEEDINGS{papers-627,
   AUTHOR = {Ding, Haibo and Riloff, Ellen},
   SORTNAME = {Ding, Haibo and Riloff, Ellen},
   TITLE = {Human Needs Categorization of Affective Events Using Labeled and Unlabeled Data}}
@INPROCEEDINGS{papers-905,
   AUTHOR = {Chen, Mingda and Gimpel, Kevin},
   SORTNAME = {Chen, Mingda and Gimpel, Kevin},
   TITLE = {Smaller Text Classifiers with Discriminative Cluster Embeddings}}
@INPROCEEDINGS{papers-033,
   AUTHOR = {Park, Yookoon and Cho, Jaemin and Kim, Gunhee},
   SORTNAME = {Park, Yookoon and Cho, Jaemin and Kim, Gunhee},
   TITLE = {A Hierarchical Latent Structure for Variational Conversation Modeling}}
@INPROCEEDINGS{papers-388,
   AUTHOR = {Augenstein, Isabelle and Ruder, Sebastian and Søgaard, Anders},
   SORTNAME = {Augenstein, Isabelle and Ruder, Sebastian and Søgaard, Anders},
   TITLE = {Multi-Task Learning of Pairwise Sequence Classification Tasks over Disparate Label Spaces}}
@INPROCEEDINGS{papers-279,
   AUTHOR = {Rei, Marek and Søgaard, Anders},
   SORTNAME = {Rei, Marek and Søgaard, Anders},
   TITLE = {Zero-shot Sequence Labeling: Transferring Knowledge from Sentences to Tokens}}
@INPROCEEDINGS{papers-1017,
   AUTHOR = {Rudinger, Rachel and Naradowsky, Jason and Leonard, Brian and Van Durme, Benjamin},
   SORTNAME = {Rudinger, Rachel and Naradowsky, Jason and Leonard, Brian and Van Durme, Benjamin},
   TITLE = {Gender Bias in Coreference Resolution}}
@INPROCEEDINGS{papers-1019,
   AUTHOR = {Li, Chenliang and Xu, Weiran and Li, Si and Gao, Sheng},
   SORTNAME = {Li, Chenliang and Xu, Weiran and Li, Si and Gao, Sheng},
   TITLE = {Guiding Generation for Abstractive Text Summarization Based on Key Information Guide Network}}
@INPROCEEDINGS{papers-783,
   AUTHOR = {Qi, Ye and Sachan, Devendra and Felix, Matthieu and Padmanabhan, Sarguna and Neubig, Graham},
   SORTNAME = {Qi, Ye and Sachan, Devendra and Felix, Matthieu and Padmanabhan, Sarguna and Neubig, Graham},
   TITLE = {When and Why Are Pre-Trained Word Embeddings Useful for Neural Machine Translation?}}
@INPROCEEDINGS{papers-410,
   AUTHOR = {Verga, Patrick and Strubell, Emma and McCallum, Andrew},
   SORTNAME = {Verga, Patrick and Strubell, Emma and McCallum, Andrew},
   TITLE = {Simultaneously Self-Attending to All Mentions for Full-Abstract Biological Relation Extraction}}
@INPROCEEDINGS{papers-550,
   AUTHOR = {Chang, Haw-Shiuan and Wang, Ziyun and Vilnis, Luke and McCallum, Andrew},
   SORTNAME = {Chang, Haw-Shiuan and Wang, Ziyun and Vilnis, Luke and McCallum, Andrew},
   TITLE = {Distributional Inclusion Vector Embedding for Unsupervised Hypernymy Detection}}
@INPROCEEDINGS{papers-930,
   AUTHOR = {Jaech, Aaron and Hathi, Shobhit and Ostendorf, Mari},
   SORTNAME = {Jaech, Aaron and Hathi, Shobhit and Ostendorf, Mari},
   TITLE = {Community Member Retrieval on Social Media Using Textual Information}}
@INPROCEEDINGS{papers-867,
   AUTHOR = {Wisniewski, Guillaume and Lacroix, Ophélie and Yvon, François},
   SORTNAME = {Wisniewski, Guillaume and Lacroix, Ophelie and Yvon, Francois},
   TITLE = {Automatically Selecting the Best Dependency Annotation Design with Dynamic Oracles}}
@INPROCEEDINGS{papers-445,
   AUTHOR = {Habernal, Ivan and Wachsmuth, Henning and Gurevych, Iryna and Stein, Benno},
   SORTNAME = {Habernal, Ivan and Wachsmuth, Henning and Gurevych, Iryna and Stein, Benno},
   TITLE = {Before Name-Calling: Dynamics and Triggers of Ad Hominem Fallacies in Web Argumentation}}
@INPROCEEDINGS{papers-523,
   AUTHOR = {Zhang, Jingyi and Utiyama, Masao and Sumita, Eiichro and Neubig, Graham and Nakamura, Satoshi},
   SORTNAME = {Zhang, Jingyi and Utiyama, Masao and Sumita, Eiichro and Neubig, Graham and Nakamura, Satoshi},
   TITLE = {Guiding Neural Machine Translation with Retrieved Translation Pieces}}
@INPROCEEDINGS{papers-595,
   AUTHOR = {Akhtar, Md Shad and Sawant, Palaash and Sen, Sukanta and Ekbal, Asif and Bhattacharyya, Pushpak},
   SORTNAME = {Akhtar, Md Shad and Sawant, Palaash and Sen, Sukanta and Ekbal, Asif and Bhattacharyya, Pushpak},
   TITLE = {Solving Data Sparsity for Aspect Based Sentiment Analysis Using Cross-Linguality and Multi-Linguality}}
@INPROCEEDINGS{papers-647,
   AUTHOR = {Grusky, Max and Naaman, Mor and Artzi, Yoav},
   SORTNAME = {Grusky, Max and Naaman, Mor and Artzi, Yoav},
   TITLE = {Newsroom: A Dataset of 1.3 Million Summaries with Diverse Extractive Strategies}}
@INPROCEEDINGS{papers-327,
   AUTHOR = {Chen, Yining and Gilroy, Sorcha and Maletti, Andreas and May, Jonathan and Knight, Kevin},
   SORTNAME = {Chen, Yining and Gilroy, Sorcha and Maletti, Andreas and May, Jonathan and Knight, Kevin},
   TITLE = {Recurrent Neural Networks as Weighted Language Recognizers}}
@INPROCEEDINGS{papers-056,
   AUTHOR = {Ning, Qiang and Wu, Hao and Peng, Haoruo and Roth, Dan},
   SORTNAME = {Ning, Qiang and Wu, Hao and Peng, Haoruo and Roth, Dan},
   TITLE = {Improving Temporal Relation Extraction with a Globally Acquired Statistical Resource}}
@INPROCEEDINGS{papers-519,
   AUTHOR = {Rao, Sudha and Tetreault, Joel},
   SORTNAME = {Rao, Sudha and Tetreault, Joel},
   TITLE = {Dear Sir or Madam, May I Introduce the GYAFC Dataset: Corpus, Benchmarks and Metrics for Formality Style Transfer}}
@INPROCEEDINGS{papers-025,
   AUTHOR = {Bawden, Rachel and Sennrich, Rico and Birch, Alexandra and Haddow, Barry},
   SORTNAME = {Bawden, Rachel and Sennrich, Rico and Birch, Alexandra and Haddow, Barry},
   TITLE = {Evaluating Discourse Phenomena in Neural Machine Translation}}
@INPROCEEDINGS{papers-286,
   AUTHOR = {Stanovsky, Gabriel and Michael, Julian and Zettlemoyer, Luke and Dagan, Ido},
   SORTNAME = {Stanovsky, Gabriel and Michael, Julian and Zettlemoyer, Luke and Dagan, Ido},
   TITLE = {Supervised Open Information Extraction}}
@INPROCEEDINGS{papers-1040,
   AUTHOR = {Chen, Hubie and Hulden, Mans},
   SORTNAME = {Chen, Hubie and Hulden, Mans},
   TITLE = {The Computational Complexity of Distinctive Feature Minimization in Phonology}}
@INPROCEEDINGS{papers-566,
   AUTHOR = {Ye, Hai and Jiang, Xin and Luo, Zhunchen and Chao, Wenhan},
   SORTNAME = {Ye, Hai and Jiang, Xin and Luo, Zhunchen and Chao, Wenhan},
   TITLE = {Interpretable Charge Predictions for Criminal Cases: Learning to Generate Court Views from Fact Descriptions}}
@INPROCEEDINGS{papers-653,
   AUTHOR = {Buys, Jan and Blunsom, Phil},
   SORTNAME = {Buys, Jan and Blunsom, Phil},
   TITLE = {Neural Syntactic Generative Models with Exact Marginalization}}
@INPROCEEDINGS{papers-499,
   AUTHOR = {Szubert, Ida and Lopez, Adam and Schneider, Nathan},
   SORTNAME = {Szubert, Ida and Lopez, Adam and Schneider, Nathan},
   TITLE = {A Structured Syntax-Semantics Interface for English-AMR Alignment}}
@INPROCEEDINGS{papers-806,
   AUTHOR = {Rønning, Ola and Hardt, Daniel and Søgaard, Anders},
   SORTNAME = {Rønning, Ola and Hardt, Daniel and Søgaard, Anders},
   TITLE = {Sluice Resolution without Hand-Crafted Features over Brittle Syntax Trees}}
@INPROCEEDINGS{papers-467,
   AUTHOR = {Cole, Jeremy and Reitter, David},
   SORTNAME = {Cole, Jeremy and Reitter, David},
   TITLE = {The Timing of Lexical Memory Retrievals in Language Production}}
@INPROCEEDINGS{papers-100,
   AUTHOR = {Kolyvakis, Prodromos and Kalousis, Alexandros and Kiritsis, Dimitris},
   SORTNAME = {Kolyvakis, Prodromos and Kalousis, Alexandros and Kiritsis, Dimitris},
   TITLE = {DeepAlignment: Unsupervised Ontology Matching with Refined Word Vectors}}
@INPROCEEDINGS{papers-993,
   AUTHOR = {Cotterell, Ryan and Kirov, Christo and Mielke, Sebastian J. and Eisner, Jason},
   SORTNAME = {Cotterell, Ryan and Kirov, Christo and Mielke, Sebastian J. and Eisner, Jason},
   TITLE = {Unsupervised Disambiguation of Syncretism in Inflected Lexicons}}
@INPROCEEDINGS{papers-260,
   AUTHOR = {Pezzelle, Sandro and Sorodoc, Ionut-Teodor and Bernardi, Raffaella},
   SORTNAME = {Pezzelle, Sandro and Sorodoc, Ionut-Teodor and Bernardi, Raffaella},
   TITLE = {Comparatives, Quantifiers, Proportions: a Multi-Task Model for the Learning of Quantities from Vision}}
@INPROCEEDINGS{papers-530,
   AUTHOR = {Duan, Junwen and Ding, Xiao and Liu, Ting},
   SORTNAME = {Duan, Junwen and Ding, Xiao and Liu, Ting},
   TITLE = {Learning Sentence Representations over Tree Structures for Target-dependent Classification}}
@INPROCEEDINGS{papers-367,
   AUTHOR = {Levitan, Sarah Ita and Maredia, Angel and Hirschberg, Julia},
   SORTNAME = {Levitan, Sarah Ita and Maredia, Angel and Hirschberg, Julia},
   TITLE = {Linguistic Cues to Deception and Perceived Deception in Interview Dialogues}}
@INPROCEEDINGS{papers-509,
   AUTHOR = {Amorim, Evelin and Cançado, Marcia and Veloso, Adriano},
   SORTNAME = {Amorim, Evelin and Cancado, Marcia and Veloso, Adriano},
   TITLE = {Automated Essay Scoring in the Presence of Biased Ratings}}
@INPROCEEDINGS{papers-861,
   AUTHOR = {Peyrard, Maxime and Gurevych, Iryna},
   SORTNAME = {Peyrard, Maxime and Gurevych, Iryna},
   TITLE = {Objective Function Learning to Match Human Judgements for Optimization-Based Summarization}}
@INPROCEEDINGS{papers-515,
   AUTHOR = {Chinnappa, Dhivya and Blanco, Eduardo},
   SORTNAME = {Chinnappa, Dhivya and Blanco, Eduardo},
   TITLE = {Mining Possessions: Existence, Type and Temporal Anchors}}
@INPROCEEDINGS{papers-218,
   AUTHOR = {Liu, Bing and Tur, Gokhan and Hakkani-Tur, Dilek and Shah, Pararth and Heck, Larry},
   SORTNAME = {Liu, Bing and Tur, Gokhan and Hakkani-Tur, Dilek and Shah, Pararth and Heck, Larry},
   TITLE = {Dialogue Learning with Human Teaching and Feedback in End-to-End Trainable Task-Oriented Dialogue Systems}}
@INPROCEEDINGS{papers-621,
   AUTHOR = {Xu, Zhen and Jiang, Nan and Liu, Bingquan and Rong, Wenge and Wu, Bowen and Wang, Baoxun and Wang, Zhuoran and Wang, Xiaolong},
   SORTNAME = {Xu, Zhen and Jiang, Nan and Liu, Bingquan and Rong, Wenge and Wu, Bowen and Wang, Baoxun and Wang, Zhuoran and Wang, Xiaolong},
   TITLE = {LSDSCC: a Large Scale Domain-Specific Conversational Corpus for Response Generation with Diversity Oriented Evaluation Metrics}}
@INPROCEEDINGS{papers-986,
   AUTHOR = {Al Hanai, Tuka and Au, Rhoda and Glass, James},
   SORTNAME = {Al Hanai, Tuka and Au, Rhoda and Glass, James},
   TITLE = {Role-specific Language Models for Processing Recorded Neuropsychological Exams}}
@INPROCEEDINGS{papers-648,
   AUTHOR = {Lin, Chu-Cheng and Eisner, Jason},
   SORTNAME = {Lin, Chu-Cheng and Eisner, Jason},
   TITLE = {Neural Particle Smoothing for Sampling from Conditional Sequence Models}}
@INPROCEEDINGS{papers-1014,
   AUTHOR = {Vu, Tu and Hu, Baotian and Munkhdalai, Tsendsuren and Yu, Hong},
   SORTNAME = {Vu, Tu and Hu, Baotian and Munkhdalai, Tsendsuren and Yu, Hong},
   TITLE = {Sentence Simplification with Memory-Augmented Neural Networks}}
@INPROCEEDINGS{papers-1128,
   AUTHOR = {Wen, Ji and Sun, Xu and Ren, Xuancheng and Su, Qi},
   SORTNAME = {Wen, Ji and Sun, Xu and Ren, Xuancheng and Su, Qi},
   TITLE = {Structure Regularized Neural Network for Entity Relation Classification for Chinese Literature Text}}
@INPROCEEDINGS{papers-574,
   AUTHOR = {Matthews, Austin and Neubig, Graham and Dyer, Chris},
   SORTNAME = {Matthews, Austin and Neubig, Graham and Dyer, Chris},
   TITLE = {Using Morphological Knowledge in Open-Vocabulary Neural Language Models}}
@INPROCEEDINGS{papers-1000,
   AUTHOR = {Chaturvedi, Snigdha and Srivastava, Shashank and Roth, Dan},
   SORTNAME = {Chaturvedi, Snigdha and Srivastava, Shashank and Roth, Dan},
   TITLE = {Where Have I Heard This Story Before? Identifying Narrative Similarity in Movie Remakes}}
@INPROCEEDINGS{papers-1024,
   AUTHOR = {Wang, Yu and Shen, Yilin and Jin, Hongxia},
   SORTNAME = {Wang, Yu and Shen, Yilin and Jin, Hongxia},
   TITLE = {A Bi-Model Based RNN Semantic Frame Parsing Model for Intent Detection and Slot Filling}}
@INPROCEEDINGS{papers-094,
   AUTHOR = {Kann, Katharina and Mager Hois, Jesus Manuel and Meza Ruiz, Ivan Vladimir and Schütze, Hinrich},
   SORTNAME = {Kann, Katharina and Mager Hois, Jesus Manuel and Meza Ruiz, Ivan Vladimir and Schutze, Hinrich},
   TITLE = {Fortification of Neural Morphological Segmentation Models for Polysynthetic Minimal-Resource Languages}}
@INPROCEEDINGS{papers-535,
   AUTHOR = {Suhr, Alane and Iyer, Srinivasan and Artzi, Yoav},
   SORTNAME = {Suhr, Alane and Iyer, Srinivasan and Artzi, Yoav},
   TITLE = {Learning to Map Context-Dependent Sentences to Executable Formal Queries}}
@INPROCEEDINGS{papers-342,
   AUTHOR = {Ishihara, Takahiro and Hayashi, Katsuhiko and Manabe, Hitoshi and Shimbo, Masashi and Nagata, Masaaki},
   SORTNAME = {Ishihara, Takahiro and Hayashi, Katsuhiko and Manabe, Hitoshi and Shimbo, Masashi and Nagata, Masaaki},
   TITLE = {Neural Tensor Networks with Diagonal Slice Matrices}}
@INPROCEEDINGS{papers-1127,
   AUTHOR = {Srinivasan, Siddarth and Arora, Richa and Riedl, Mark},
   SORTNAME = {Srinivasan, Siddarth and Arora, Richa and Riedl, Mark},
   TITLE = {A Simple and Effective Approach to the Story Cloze Test}}
@INPROCEEDINGS{papers-570,
   AUTHOR = {Chen, Wenhu and Xiong, Wenhan and Yan, Xifeng and Wang, William Yang},
   SORTNAME = {Chen, Wenhu and Xiong, Wenhan and Yan, Xifeng and Wang, William Yang},
   TITLE = {Variational Knowledge Graph Reasoning}}
@INPROCEEDINGS{papers-1009,
   AUTHOR = {Zhao, Jieyu and Wang, Tianlu and Yatskar, Mark and Ordonez, Vicente and Chang, Kai-Wei},
   SORTNAME = {Zhao, Jieyu and Wang, Tianlu and Yatskar, Mark and Ordonez, Vicente and Chang, Kai-Wei},
   TITLE = {Gender Bias in Coreference Resolution: Evaluation and Debiasing Methods}}
@INPROCEEDINGS{papers-312,
   AUTHOR = {Li, Xintong and Liu, Lemao and Tu, Zhaopeng and Shi, Shuming and Meng, Max},
   SORTNAME = {Li, Xintong and Liu, Lemao and Tu, Zhaopeng and Shi, Shuming and Meng, Max},
   TITLE = {Target Foresight Based Attention for Neural Machine Translation}}
@INPROCEEDINGS{papers-341,
   AUTHOR = {Pagliardini, Matteo and Gupta, Prakhar and Jaggi, Martin},
   SORTNAME = {Pagliardini, Matteo and Gupta, Prakhar and Jaggi, Martin},
   TITLE = {Unsupervised Learning of Sentence Embeddings Using Compositional n-Gram Features}}
@INPROCEEDINGS{papers-802,
   AUTHOR = {Apidianaki, Marianna and Wisniewski, Guillaume and Cocos, Anne and Callison-Burch, Chris},
   SORTNAME = {Apidianaki, Marianna and Wisniewski, Guillaume and Cocos, Anne and Callison-Burch, Chris},
   TITLE = {Automated Paraphrase Lattice Creation for HyTER Machine Translation Evaluation}}
@INPROCEEDINGS{papers-299,
   AUTHOR = {Wu, Xianchao and Martinez, Ander and Klyen, Momo},
   SORTNAME = {Wu, Xianchao and Martinez, Ander and Klyen, Momo},
   TITLE = {Dialog Generation Using Multi-Turn Reasoning Neural Networks}}
@INPROCEEDINGS{papers-608,
   AUTHOR = {Vyas, Yogarshi and Niu, Xing and Carpuat, Marine},
   SORTNAME = {Vyas, Yogarshi and Niu, Xing and Carpuat, Marine},
   TITLE = {Identifying Semantic Divergences in Parallel Text without Annotations}}
@INPROCEEDINGS{papers-086,
   AUTHOR = {Kang, Dongyeop and Ammar, Waleed and Dalvi, Bhavana and van Zuylen, Madeleine and Kohlmeier, Sebastian and Hovy, Eduard and Schwartz, Roy},
   SORTNAME = {Kang, Dongyeop and Ammar, Waleed and Dalvi, Bhavana and van Zuylen, Madeleine and Kohlmeier, Sebastian and Hovy, Eduard and Schwartz, Roy},
   TITLE = {A Dataset of Peer Reviews (PeerRead): Collection, Insights and NLP Applications}}
@INPROCEEDINGS{papers-517,
   AUTHOR = {Sen, Procheta and Ganguly, Debasis and Jones, Gareth},
   SORTNAME = {Sen, Procheta and Ganguly, Debasis and Jones, Gareth},
   TITLE = {Tempo-Lexical Context Driven Word Embedding for Cross-Session Search Task Extraction}}
@INPROCEEDINGS{papers-807,
   AUTHOR = {Zhao, Huasha and Yang, Yi and Zhang, Qiong and Si, Luo},
   SORTNAME = {Zhao, Huasha and Yang, Yi and Zhang, Qiong and Si, Luo},
   TITLE = {Improve Neural Entity Recognition via Multi-Task Data Selection and Constrained Decoding}}
@INPROCEEDINGS{papers-430,
   AUTHOR = {Anastasopoulos, Antonios and Chiang, David},
   SORTNAME = {Anastasopoulos, Antonios and Chiang, David},
   TITLE = {Tied Multitask Learning for Neural Speech Translation}}
@INPROCEEDINGS{papers-547,
   AUTHOR = {Halder, Kishaloy and Kan, Min-Yen and Sugiyama, Kazunari},
   SORTNAME = {Halder, Kishaloy and Kan, Min-Yen and Sugiyama, Kazunari},
   TITLE = {Predicting Helpful Posts in Open-Ended Discussion Forums: a Neural Architecture}}
@INPROCEEDINGS{papers-226,
   AUTHOR = {Sakaue, Shinsaku and Hirao, Tsutomu and Nishino, Masaaki and Nagata, Masaaki},
   SORTNAME = {Sakaue, Shinsaku and Hirao, Tsutomu and Nishino, Masaaki and Nagata, Masaaki},
   TITLE = {Provable Fast Greedy Compressive Summarization with Any Monotone Submodular Function}}
@INPROCEEDINGS{papers-962,
   AUTHOR = {Beigman Klebanov, Beata and Leong, Chee Wee (Ben) and Flor, Michael},
   SORTNAME = {Beigman Klebanov, Beata and Leong, Chee Wee (Ben) and Flor, Michael},
   TITLE = {A Corpus of Non-Native Written English Annotated for Metaphor}}
@INPROCEEDINGS{papers-304,
   AUTHOR = {Bergmanis, Toms and Goldwater, Sharon},
   SORTNAME = {Bergmanis, Toms and Goldwater, Sharon},
   TITLE = {Context Sensitive Neural Lemmatization with Lematus}}
@INPROCEEDINGS{papers-143,
   AUTHOR = {Habernal, Ivan and Wachsmuth, Henning and Gurevych, Iryna and Stein, Benno},
   SORTNAME = {Habernal, Ivan and Wachsmuth, Henning and Gurevych, Iryna and Stein, Benno},
   TITLE = {The Argument Reasoning Comprehension Task: Identification and Reconstruction of Implicit Warrants}}
@INPROCEEDINGS{papers-1042,
   AUTHOR = {Wang, Xin and Wang, Yuan-Fang and Wang, William Yang},
   SORTNAME = {Wang, Xin and Wang, Yuan-Fang and Wang, William Yang},
   TITLE = {Watch, Listen, and Describe: Globally and Locally Aligned Cross-Modal Attentions for Video Captioning}}
@INPROCEEDINGS{papers-520,
   AUTHOR = {Cocos, Anne and Apidianaki, Marianna and Callison-Burch, Chris},
   SORTNAME = {Cocos, Anne and Apidianaki, Marianna and Callison-Burch, Chris},
   TITLE = {Comparing Constraints for Taxonomic Organization}}
@INPROCEEDINGS{papers-321,
   AUTHOR = {Jana, Abhik and Goyal, Pawan},
   SORTNAME = {Jana, Abhik and Goyal, Pawan},
   TITLE = {Can Network Embedding of Distributional Thesaurus Be Combined with Word Vectors for Better Representation?}}
@INPROCEEDINGS{papers-582,
   AUTHOR = {Celikyilmaz, Asli and Bosselut, Antoine and He, Xiaodong and Choi, Yejin},
   SORTNAME = {Celikyilmaz, Asli and Bosselut, Antoine and He, Xiaodong and Choi, Yejin},
   TITLE = {Deep Communicating Agents for Abstractive Summarization}}
@INPROCEEDINGS{papers-623,
   AUTHOR = {Cheng, Fei and Miyao, Yusuke},
   SORTNAME = {Cheng, Fei and Miyao, Yusuke},
   TITLE = {Inducing Temporal Relations from Time Anchor Annotation}}
@INPROCEEDINGS{papers-485,
   AUTHOR = {Cai, Liwei and Wang, William Yang},
   SORTNAME = {Cai, Liwei and Wang, William Yang},
   TITLE = {KBGAN: Adversarial Learning for Knowledge Graph Embeddings}}
@INPROCEEDINGS{papers-789,
   AUTHOR = {Chen, Cen and Yang, Yinfei and Zhou, Jun and Li, Xiaolong and Bao, Forrest Sheng},
   SORTNAME = {Chen, Cen and Yang, Yinfei and Zhou, Jun and Li, Xiaolong and Bao, Forrest Sheng},
   TITLE = {Cross-Domain Review Helpfulness Prediction Based on Convolutional Neural Networks with Auxiliary Domain Discriminators}}
@INPROCEEDINGS{papers-449,
   AUTHOR = {Amiri, Hadi and Miller, Timothy and Savova, Guergana},
   SORTNAME = {Amiri, Hadi and Miller, Timothy and Savova, Guergana},
   TITLE = {Spotting Spurious Data with Neural Networks}}
@INPROCEEDINGS{papers-926,
   AUTHOR = {Rama, Taraka and List, Johann-Mattis and Wahle, Johannes and Jäger, Gerhard},
   SORTNAME = {Rama, Taraka and List, Johann-Mattis and Wahle, Johannes and Jager, Gerhard},
   TITLE = {Are Automatic Methods for Cognate Detection Good Enough for Phylogenetic Reconstruction in Historical Linguistics?}}
@INPROCEEDINGS{papers-1046,
   AUTHOR = {Ferguson, James and Lockard, Colin and Weld, Daniel and Hajishirzi, Hannaneh},
   SORTNAME = {Ferguson, James and Lockard, Colin and Weld, Daniel and Hajishirzi, Hannaneh},
   TITLE = {Semi-Supervised Event Extraction with Paraphrase Clusters}}
