@INPROCEEDINGS{TextGraphs-12-004,
   AUTHOR = {Linhares Pontes, Elvys and Huet, Stéphane and Gouveia da Silva, Thiago and Linhares, Andréa Carneiro and Torres-Moreno, Juan-Manuel},
   SORTNAME = {Linhares Pontes, Elvys and Huet, Stephane and Gouveia da Silva, Thiago and Linhares, Andrea Carneiro and Torres-Moreno, Juan-Manuel},
   TITLE = {Multi-Sentence Compression with Word Vertex-Labeled Graphs and Integer Linear Programming}}
@INPROCEEDINGS{TextGraphs-12-017,
   AUTHOR = {Luo, Fan and Valenzuela-Escárcega, Marco A. and Hahn-Powell, Gus and Surdeanu, Mihai},
   SORTNAME = {Luo, Fan and Valenzuela-Escarcega, Marco A. and Hahn-Powell, Gus and Surdeanu, Mihai},
   TITLE = {Scientific Discovery as Link Prediction in Influence and Citation Graphs}}
@INPROCEEDINGS{TextGraphs-12-012,
   AUTHOR = {Jansen, Peter},
   SORTNAME = {Jansen, Peter},
   TITLE = {Multi-hop Inference for Sentence-level TextGraphs: How Challenging is Meaningfully Combining Information for Science Question Answering?}}
@INPROCEEDINGS{TextGraphs-12-011,
   AUTHOR = {Skianis, Konstantinos and Malliaros, Fragkiskos and Vazirgiannis, Michalis},
   SORTNAME = {Skianis, Konstantinos and Malliaros, Fragkiskos and Vazirgiannis, Michalis},
   TITLE = {Fusing Document, Collection and Label Graph-based Representations with Word Embeddings for Text Classification}}
@INPROCEEDINGS{TextGraphs-12-019,
   AUTHOR = {Zhang, Zheng and Zweigenbaum, Pierre and Yin, Ruiqing},
   SORTNAME = {Zhang, Zheng and Zweigenbaum, Pierre and Yin, Ruiqing},
   TITLE = {Efficient Generation and Processing of Word Co-occurrence Networks Using corpus2graph}}
@INPROCEEDINGS{TextGraphs-12-015,
   AUTHOR = {Pham, Khiem and Chen, Guangliang},
   SORTNAME = {Pham, Khiem and Chen, Guangliang},
   TITLE = {Large-scale spectral clustering using diffusion coordinates on landmark-based bipartite graphs}}
@INPROCEEDINGS{TextGraphs-12-016,
   AUTHOR = {Dhingra, Bhuwan and Shallue, Christopher and Norouzi, Mohammad and Dai, Andrew and Dahl, George},
   SORTNAME = {Dhingra, Bhuwan and Shallue, Christopher and Norouzi, Mohammad and Dai, Andrew and Dahl, George},
   TITLE = {Embedding Text in Hyperbolic Spaces}}
@INPROCEEDINGS{TextGraphs-12-020,
   AUTHOR = {Chang, Haw-Shiuan and Agrawal, Amol and Ganesh, Ananya and Desai, Anirudha and Mathur, Vinayak and Hough, Alfred and McCallum, Andrew},
   SORTNAME = {Chang, Haw-Shiuan and Agrawal, Amol and Ganesh, Ananya and Desai, Anirudha and Mathur, Vinayak and Hough, Alfred and McCallum, Andrew},
   TITLE = {Efficient Graph-based Word Sense Induction by Distributional Inclusion Vector Embeddings}}
