@INPROCEEDINGS{Education-NLP18-028,
   AUTHOR = {Afrin, Tazin and Litman, Diane},
   SORTNAME = {Afrin, Tazin and Litman, Diane},
   TITLE = {Annotation and Classification of Sentence-level Revision Improvement}}
@INPROCEEDINGS{Education-NLP18-035,
   AUTHOR = {Flor, Michael and Riordan, Brian},
   SORTNAME = {Flor, Michael and Riordan, Brian},
   TITLE = {A Semantic Role-based Approach to Open-Domain Automatic Question Generation}}
@INPROCEEDINGS{Education-NLP18-010,
   AUTHOR = {Holz, Heiko and Weiss, Zarah and Brehm, Oliver and Meurers, Detmar},
   SORTNAME = {Holz, Heiko and Weiss, Zarah and Brehm, Oliver and Meurers, Detmar},
   TITLE = {COAST - Customizable Online Syllable Enhancement in Texts.  A flexible framework for automatically enhancing reading materials}}
@INPROCEEDINGS{Education-NLP18-067,
   AUTHOR = {Vie, Jill-Jênn},
   SORTNAME = {Vie, Jill-Jenn},
   TITLE = {Deep Factorization Machines for Knowledge Tracing}}
@INPROCEEDINGS{Education-NLP18-013,
   AUTHOR = {Ramanarayanan, Vikram and LaMar, Michelle},
   SORTNAME = {Ramanarayanan, Vikram and LaMar, Michelle},
   TITLE = {Toward Automatically Measuring Learner Ability from Human-Machine Dialog Interactions using Novel Psychometric Models}}
@INPROCEEDINGS{Education-NLP18-052,
   AUTHOR = {Bingel, Joachim and Bjerva, Johannes},
   SORTNAME = {Bingel, Joachim and Bjerva, Johannes},
   TITLE = {Cross-lingual complex word identification with multitask learning}}
@INPROCEEDINGS{Education-NLP18-044,
   AUTHOR = {Jin, Lifeng and King, David and Hussein, Amad and White, Michael and Danforth, Douglas},
   SORTNAME = {Jin, Lifeng and King, David and Hussein, Amad and White, Michael and Danforth, Douglas},
   TITLE = {Using Paraphrasing and Memory-Augmented Models to Combat Data Sparsity in Question Interpretation with a Virtual Patient Dialogue System}}
@INPROCEEDINGS{Education-NLP18-069,
   AUTHOR = {Yimam, Seid Muhie and Biemann, Chris and Malmasi, Shervin and Paetzold, Gustavo and Specia, Lucia and Štajner, Sanja and Tack, Anaïs and Zampieri, Marcos},
   SORTNAME = {Yimam, Seid Muhie and Biemann, Chris and Malmasi, Shervin and Paetzold, Gustavo and Specia, Lucia and Stajner, Sanja and Tack, Anais and Zampieri, Marcos},
   TITLE = {A Report on the Complex Word Identification Shared Task 2018}}
@INPROCEEDINGS{Education-NLP18-038,
   AUTHOR = {Chinkina, Maria and Oswal, Ankita and Meurers, Detmar},
   SORTNAME = {Chinkina, Maria and Oswal, Ankita and Meurers, Detmar},
   TITLE = {Automatic Input Enrichment for Selecting Reading Material: An Online Study with English Teachers}}
@INPROCEEDINGS{Education-NLP18-049,
   AUTHOR = {Kajiwara, Tomoyuki and Komachi, Mamoru},
   SORTNAME = {Kajiwara, Tomoyuki and Komachi, Mamoru},
   TITLE = {Complex Word Identification Based on Frequency in a Learner Corpus}}
@INPROCEEDINGS{Education-NLP18-064,
   AUTHOR = {Chen, Guanliang and Hauff, Claudia and Houben, Geert-Jan},
   SORTNAME = {Chen, Guanliang and Hauff, Claudia and Houben, Geert-Jan},
   TITLE = {Feature Engineering for Second Language Acquisition Modeling}}
@INPROCEEDINGS{Education-NLP18-017,
   AUTHOR = {Liang, Chen and Yang, Xiao and Dave, Neisarg and Wham, Drew and Pursel, Bart and Giles, C Lee},
   SORTNAME = {Liang, Chen and Yang, Xiao and Dave, Neisarg and Wham, Drew and Pursel, Bart and Giles, C Lee},
   TITLE = {Distractor Generation for Multiple Choice Questions Using Learning to Rank}}
@INPROCEEDINGS{Education-NLP18-012,
   AUTHOR = {Vajjala, Sowmya and Rama, Taraka},
   SORTNAME = {Vajjala, Sowmya and Rama, Taraka},
   TITLE = {Experiments with Universal CEFR Classification}}
@INPROCEEDINGS{Education-NLP18-054,
   AUTHOR = {Wani, Nikhil and Mathias, Sandeep and Gajjam, Jayashree Aanand and Bhattacharyya, Pushpak},
   SORTNAME = {Wani, Nikhil and Mathias, Sandeep and Gajjam, Jayashree Aanand and Bhattacharyya, Pushpak},
   TITLE = {The Whole is Greater than the Sum of its Parts: Towards the Effectiveness of Voting Ensemble Classifiers for Complex Word Identification}}
@INPROCEEDINGS{Education-NLP18-055,
   AUTHOR = {Aroyehun, Segun Taofeek and Angel, Jason and Pérez Alvarez, Daniel Alejandro and Gelbukh, Alexander},
   SORTNAME = {Aroyehun, Segun Taofeek and Angel, Jason and Perez Alvarez, Daniel Alejandro and Gelbukh, Alexander},
   TITLE = {Complex Word Identification: Convolutional Neural Network vs. Feature Engineering}}
@INPROCEEDINGS{Education-NLP18-047,
   AUTHOR = {Popović, Maja},
   SORTNAME = {Popovic, Maja},
   TITLE = {Complex Word Identification Using Character n-grams}}
@INPROCEEDINGS{Education-NLP18-058,
   AUTHOR = {Xu, Shuyao and Chen, Jin and Qin, Long},
   SORTNAME = {Xu, Shuyao and Chen, Jin and Qin, Long},
   TITLE = {CLUF: a Neural Model for Second Language Acquisition Modeling}}
@INPROCEEDINGS{Education-NLP18-029,
   AUTHOR = {Rudzewitz, Björn and Ziai, Ramon and De Kuthy, Kordula and Möller, Verena and Nuxoll, Florian and Meurers, Detmar},
   SORTNAME = {Rudzewitz, Bjorn and Ziai, Ramon and De Kuthy, Kordula and Moller, Verena and Nuxoll, Florian and Meurers, Detmar},
   TITLE = {Generating Feedback for English Foreign Language Exercises}}
@INPROCEEDINGS{Education-NLP18-046,
   AUTHOR = {Alfter, David and Pilán, Ildikó},
   SORTNAME = {Alfter, David and Pilan, Ildiko},
   TITLE = {SB\@GU at the Complex Word Identification 2018 Shared Task}}
@INPROCEEDINGS{Education-NLP18-059,
   AUTHOR = {Nayak, Nihal V. and Rao, Arjun R.},
   SORTNAME = {Nayak, Nihal V. and Rao, Arjun R.},
   TITLE = {Context Based Approach for Second Language Acquisition}}
@INPROCEEDINGS{Education-NLP18-023,
   AUTHOR = {Ha, Le An and Yaneva, Victoria},
   SORTNAME = {Ha, Le An and Yaneva, Victoria},
   TITLE = {Automatic Distractor Suggestion for Multiple-Choice Tests Using Concept Embeddings and Information Retrieval}}
@INPROCEEDINGS{Education-NLP18-050,
   AUTHOR = {De Hertog, Dirk and Tack, Anaïs},
   SORTNAME = {De Hertog, Dirk and Tack, Anais},
   TITLE = {Deep Learning Architecture for Complex Word Identification}}
@INPROCEEDINGS{Education-NLP18-032,
   AUTHOR = {Bingel, Joachim and Barrett, Maria and Klerke, Sigrid},
   SORTNAME = {Bingel, Joachim and Barrett, Maria and Klerke, Sigrid},
   TITLE = {Predicting misreadings from gaze in children with reading difficulties}}
@INPROCEEDINGS{Education-NLP18-060,
   AUTHOR = {Osika, Anton and Nilsson, Susanna and Sydorchuk, Andrii and Sahin, Faruk and Huss, Anders},
   SORTNAME = {Osika, Anton and Nilsson, Susanna and Sydorchuk, Andrii and Sahin, Faruk and Huss, Anders},
   TITLE = {Second Language Acquisition Modeling: An Ensemble Approach}}
@INPROCEEDINGS{Education-NLP18-030,
   AUTHOR = {Alfter, David and Volodina, Elena},
   SORTNAME = {Alfter, David and Volodina, Elena},
   TITLE = {Towards Single Word Lexical Complexity Prediction}}
@INPROCEEDINGS{Education-NLP18-045,
   AUTHOR = {Gao, Yanjun and M.Davies, Patricia and Passonneau, Rebecca J.},
   SORTNAME = {Gao, Yanjun and M.Davies, Patricia and Passonneau, Rebecca J.},
   TITLE = {Automated Content Analysis: A Case Study of Computer Science Student Summaries}}
@INPROCEEDINGS{Education-NLP18-022,
   AUTHOR = {Lugini, Luca and Litman, Diane and Godley, Amanda and Olshefski, Christopher},
   SORTNAME = {Lugini, Luca and Litman, Diane and Godley, Amanda and Olshefski, Christopher},
   TITLE = {Annotating Student Talk in Text-based Classroom Discussions}}
@INPROCEEDINGS{Education-NLP18-041,
   AUTHOR = {Kulkarni, Mayank and Boyer, Kristy},
   SORTNAME = {Kulkarni, Mayank and Boyer, Kristy},
   TITLE = {Toward Data-Driven Tutorial Question Answering with Deep Learning Conversational Models}}
@INPROCEEDINGS{Education-NLP18-011,
   AUTHOR = {Zhang, Meng and Chen, Xie and Cummins, Ronan and Andersen, Øistein E. and Briscoe, Ted},
   SORTNAME = {Zhang, Meng and Chen, Xie and Cummins, Ronan and Andersen, Øistein E. and Briscoe, Ted},
   TITLE = {The Effect of Adding Authorship Knowledge in Automated Text Scoring}}
@INPROCEEDINGS{Education-NLP18-062,
   AUTHOR = {Kaneko, Masahiro and Kajiwara, Tomoyuki and Komachi, Mamoru},
   SORTNAME = {Kaneko, Masahiro and Kajiwara, Tomoyuki and Komachi, Mamoru},
   TITLE = {TMU System for SLAM-2018}}
@INPROCEEDINGS{Education-NLP18-006,
   AUTHOR = {Bryant, Christopher and Briscoe, Ted},
   SORTNAME = {Bryant, Christopher and Briscoe, Ted},
   TITLE = {Language Model Based Grammatical Error Correction without Annotated Training Data}}
@INPROCEEDINGS{Education-NLP18-042,
   AUTHOR = {King, Levi and Dickinson, Markus},
   SORTNAME = {King, Levi and Dickinson, Markus},
   TITLE = {Annotating picture description task responses for content analysis}}
@INPROCEEDINGS{Education-NLP18-024,
   AUTHOR = {Butnaru, Andrei and Ionescu, Radu Tudor},
   SORTNAME = {Butnaru, Andrei and Ionescu, Radu Tudor},
   TITLE = {UnibucKernel: A kernel-based learning method for complex word identification}}
@INPROCEEDINGS{Education-NLP18-051,
   AUTHOR = {Gooding, Sian and Kochmar, Ekaterina},
   SORTNAME = {Gooding, Sian and Kochmar, Ekaterina},
   TITLE = {CAMB at CWI Shared Task 2018: Complex Word Identification with Ensemble-Based Voting}}
@INPROCEEDINGS{Education-NLP18-061,
   AUTHOR = {Tomoschuk, Brendan and Lovelett, Jarrett},
   SORTNAME = {Tomoschuk, Brendan and Lovelett, Jarrett},
   TITLE = {A Memory-Sensitive Classification Model of Errors in Early Second Language Learning}}
@INPROCEEDINGS{Education-NLP18-066,
   AUTHOR = {Bestgen, Yves},
   SORTNAME = {Bestgen, Yves},
   TITLE = {Predicting Second Language Learner Successes and Mistakes by Means of Conjunctive Features}}
@INPROCEEDINGS{Education-NLP18-048,
   AUTHOR = {Hartmann, Nathan and dos Santos, Leandro Borges},
   SORTNAME = {Hartmann, Nathan and dos Santos, Leandro Borges},
   TITLE = {NILC at CWI 2018: Exploring Feature Engineering and Feature Learning}}
@INPROCEEDINGS{Education-NLP18-037,
   AUTHOR = {Zhang, Haoran and Litman, Diane},
   SORTNAME = {Zhang, Haoran and Litman, Diane},
   TITLE = {Co-Attention Based Neural Network for Source-Dependent Essay Scoring}}
@INPROCEEDINGS{Education-NLP18-007,
   AUTHOR = {Jiang, Zhiying and Zhang, Boliang and Huang, Lifu and Ji, Heng},
   SORTNAME = {Jiang, Zhiying and Zhang, Boliang and Huang, Lifu and Ji, Heng},
   TITLE = {Chengyu Cloze Test}}
@INPROCEEDINGS{Education-NLP18-016,
   AUTHOR = {del Río Gayo, Iria and Zampieri, Marcos and Malmasi, Shervin},
   SORTNAME = {del Rio Gayo, Iria and Zampieri, Marcos and Malmasi, Shervin},
   TITLE = {A Portuguese Native Language Identification Dataset}}
@INPROCEEDINGS{Education-NLP18-039,
   AUTHOR = {Nadeem, Farah and Ostendorf, Mari},
   SORTNAME = {Nadeem, Farah and Ostendorf, Mari},
   TITLE = {Estimating Linguistic Complexity for Science Texts}}
@INPROCEEDINGS{Education-NLP18-031,
   AUTHOR = {Loukina, Anastassia and Zechner, Klaus and Bruno, James and Beigman Klebanov, Beata},
   SORTNAME = {Loukina, Anastassia and Zechner, Klaus and Bruno, James and Beigman Klebanov, Beata},
   TITLE = {Using exemplar responses for training and evaluating automated speech scoring systems}}
@INPROCEEDINGS{Education-NLP18-021,
   AUTHOR = {Tack, Anaïs and François, Thomas and Desmet, Piet and Fairon, Cédrick},
   SORTNAME = {Tack, Anais and Francois, Thomas and Desmet, Piet and Fairon, Cedrick},
   TITLE = {NT2Lex: A CEFR-Graded Lexical Resource for Dutch as a Foreign Language Linked to Open Dutch WordNet}}
@INPROCEEDINGS{Education-NLP18-056,
   AUTHOR = {Yuan, Zheng},
   SORTNAME = {Yuan, Zheng},
   TITLE = {Neural sequence modelling for learner error prediction}}
@INPROCEEDINGS{Education-NLP18-020,
   AUTHOR = {Horbach, Andrea and Stennmanns, Sebastian and Zesch, Torsten},
   SORTNAME = {Horbach, Andrea and Stennmanns, Sebastian and Zesch, Torsten},
   TITLE = {Cross-Lingual Content Scoring}}
@INPROCEEDINGS{Education-NLP18-027,
   AUTHOR = {Vajjala, Sowmya and Lucic, Ivana},
   SORTNAME = {Vajjala, Sowmya and Lucic, Ivana},
   TITLE = {OneStopEnglish corpus: A new corpus for automatic readability assessment and text simplification}}
@INPROCEEDINGS{Education-NLP18-065,
   AUTHOR = {Rich, Alexander and Osborn Popp, Pamela and Halpern, David and Rothe, Anselm and Gureckis, Todd},
   SORTNAME = {Rich, Alexander and Osborn Popp, Pamela and Halpern, David and Rothe, Anselm and Gureckis, Todd},
   TITLE = {Modeling Second-Language Learning from a Psychological Perspective}}
@INPROCEEDINGS{Education-NLP18-063,
   AUTHOR = {Klerke, Sigrid and Martínez Alonso, Héctor and Plank, Barbara},
   SORTNAME = {Klerke, Sigrid and Martinez Alonso, Hector and Plank, Barbara},
   TITLE = {Grotoco\@SLAM: Second Language Acquisition Modeling with Simple Features, Learners and Task-wise Models}}
@INPROCEEDINGS{Education-NLP18-068,
   AUTHOR = {Settles, Burr and Brust, Chris and Gustafson, Erin and Hagiwara, Masato and Madnani, Nitin},
   SORTNAME = {Settles, Burr and Brust, Chris and Gustafson, Erin and Hagiwara, Masato and Madnani, Nitin},
   TITLE = {Second Language Acquisition Modeling}}
@INPROCEEDINGS{Education-NLP18-053,
   AUTHOR = {AbuRa'ed, Ahmed and Saggion, Horacio},
   SORTNAME = {AbuRa'ed, Ahmed and Saggion, Horacio},
   TITLE = {LaSTUS/TALN at Complex Word Identification (CWI) 2018 Shared Task}}
