@INPROCEEDINGS{SpLU18-010,
   AUTHOR = {Manzoor, Umar and Kordjamshidi, Parisa},
   SORTNAME = {Manzoor, Umar and Kordjamshidi, Parisa},
   TITLE = {Anaphora Resolution for Improving Spatial Relation Extraction from Text}}
@INPROCEEDINGS{SpLU18-009,
   AUTHOR = {Petruck, Miriam R L and Ellsworth, Michael J},
   SORTNAME = {Petruck, Miriam R L and Ellsworth, Michael J},
   TITLE = {Representing Spatial Relations in FrameNet}}
@INPROCEEDINGS{SpLU18-004,
   AUTHOR = {Perera, Ian and Allen, James and Teng, Choh Man and Galescu, Lucian},
   SORTNAME = {Perera, Ian and Allen, James and Teng, Choh Man and Galescu, Lucian},
   TITLE = {Building and Learning Structures in a Situated Blocks World Through Deep Language Understanding}}
@INPROCEEDINGS{SpLU18-008,
   AUTHOR = {Baldridge, Jason and Bedrax-Weiss, Tania and Luong, Daphne and Narayanan, Srini and Pang, Bo and Pereira, Fernando and Soricut, Radu and Tseng, Michael and Zhang, Yuan},
   SORTNAME = {Baldridge, Jason and Bedrax-Weiss, Tania and Luong, Daphne and Narayanan, Srini and Pang, Bo and Pereira, Fernando and Soricut, Radu and Tseng, Michael and Zhang, Yuan},
   TITLE = {Points, Paths, and Playscapes: Large-scale Spatial Language Understanding Tasks Set in the Real World}}
@INPROCEEDINGS{SpLU18-001,
   AUTHOR = {Dorr, Bonnie and Olsen, Mari},
   SORTNAME = {Dorr, Bonnie and Olsen, Mari},
   TITLE = {Lexical Conceptual Structure of Literal and Metaphorical Spatial Language: A Case Study of ``Push''}}
@INPROCEEDINGS{SpLU18-006,
   AUTHOR = {Platonov, Georgiy and Schubert, Lenhart},
   SORTNAME = {Platonov, Georgiy and Schubert, Lenhart},
   TITLE = {Computational Models for Spatial Prepositions}}
@INPROCEEDINGS{SpLU18-003,
   AUTHOR = {Dorr, Bonnie and Voss, Clare},
   SORTNAME = {Dorr, Bonnie and Voss, Clare},
   TITLE = {The Case for Systematically Derived Spatial Language Usage}}
@INPROCEEDINGS{SpLU18-007,
   AUTHOR = {Dobnik, Simon and Ghanimifard, Mehdi and Kelleher, John},
   SORTNAME = {Dobnik, Simon and Ghanimifard, Mehdi and Kelleher, John},
   TITLE = {Exploring the Functional and Geometric Bias of Spatial Relations Using Neural Language Models}}
