@INPROCEEDINGS{Ethics-NLP18-002,
   AUTHOR = {Schmaltz, Allen},
   SORTNAME = {Schmaltz, Allen},
   TITLE = {On the Utility of Lay Summaries and AI Safety Disclosures: Toward Robust, Open Research Oversight}}
@INPROCEEDINGS{Ethics-NLP18-004,
   AUTHOR = {Kiritchenko, Svetlana and Mohammad, Saif},
   SORTNAME = {Kiritchenko, Svetlana and Mohammad, Saif},
   TITLE = {Examining Gender and Race Bias in Two Hundred Sentiment Analysis Systems}}
@INPROCEEDINGS{Ethics-NLP18-003,
   AUTHOR = {Cercas Curry, Amanda and Rieser, Verena},
   SORTNAME = {Cercas Curry, Amanda and Rieser, Verena},
   TITLE = {\#MeToo Alexa: How Conversational Systems Respond to Sexual Harassment}}
