@INPROCEEDINGS{SemEval-2018-036,
   AUTHOR = {Ghanem, Bilal and Rangel, Francisco and Rosso, Paolo},
   SORTNAME = {Ghanem, Bilal and Rangel, Francisco and Rosso, Paolo},
   TITLE = {LDR at SemEval-2018 Task 3: A Low Dimensional Text Representation for Irony Detection}}
@INPROCEEDINGS{SemEval-2018-168,
   AUTHOR = {Gluhak, Martin and di Buono, Maria Pia and Akkasi, Abbas and Šnajder, Jan},
   SORTNAME = {Gluhak, Martin and di Buono, Maria Pia and Akkasi, Abbas and Snajder, Jan},
   TITLE = {TakeLab at SemEval-2018 Task 7: Combining Sparse and Dense Features for Relation Classification in Scientific Texts}}
@INPROCEEDINGS{SemEval-2018-161,
   AUTHOR = {J R, Naveen and Ganesh H. B., Barathi and Kumar M, Anand and K P, Soman},
   SORTNAME = {J R, Naveen and Ganesh H. B., Barathi and Kumar M, Anand and K P, Soman},
   TITLE = {CENNLP at SemEval-2018 Task 1: Constrained Vector Space Model in Affects in Tweets}}
@INPROCEEDINGS{SemEval-2018-028,
   AUTHOR = {Vu, Thanh and Nguyen, Dat Quoc and Vu, Xuan-Son and Nguyen, Dai Quoc and Catt, Michael and Trenell, Michael},
   SORTNAME = {Vu, Thanh and Nguyen, Dat Quoc and Vu, Xuan-Son and Nguyen, Dai Quoc and Catt, Michael and Trenell, Michael},
   TITLE = {NIHRIO at SemEval-2018 Task 3: A Simple and Accurate Neural Network Model for Irony Detection in Twitter}}
@INPROCEEDINGS{SemEval-2018-198,
   AUTHOR = {Duppada, Venkatesh and Jain, Royal and Hiray, Sushant},
   SORTNAME = {Duppada, Venkatesh and Jain, Royal and Hiray, Sushant},
   TITLE = {SeerNet at SemEval-2018 Task 1: Domain Adaptation for Affect in Tweets}}
@INPROCEEDINGS{SemEval-2018-035,
   AUTHOR = {Gamallo, Pablo},
   SORTNAME = {Gamallo, Pablo},
   TITLE = {CitiusNLP at SemEval-2018 Task 10: The Use of Transparent Distributional Models and Salient Contexts to Discriminate Word Attributes}}
@INPROCEEDINGS{SemEval-2018-120,
   AUTHOR = {Zhou, Liyuan and Xu, Qiongkai and Suominen, Hanna and Gedeon, Tom},
   SORTNAME = {Zhou, Liyuan and Xu, Qiongkai and Suominen, Hanna and Gedeon, Tom},
   TITLE = {EPUTION at SemEval-2018 Task 2: Emoji Prediction with User Adaption}}
@INPROCEEDINGS{SemEval-2018-130,
   AUTHOR = {Fu, Mingming and Zhao, Xuemin and Yan, Yonghong},
   SORTNAME = {Fu, Mingming and Zhao, Xuemin and Yan, Yonghong},
   TITLE = {HCCL at SemEval-2018 Task 8: An End-to-End System for Sequence Labeling from Cybersecurity Reports}}
@INPROCEEDINGS{SemEval-2018-193,
   AUTHOR = {Brew, Chris},
   SORTNAME = {Brew, Chris},
   TITLE = {Digital Operatives at SemEval-2018 Task 8: Using dependency features for malware NLP}}
@INPROCEEDINGS{SemEval-2018-136,
   AUTHOR = {Naderi, Habibeh and Haji Soleimani, Behrouz and Mohammad, Saif and Kiritchenko, Svetlana and Matwin, Stan},
   SORTNAME = {Naderi, Habibeh and Haji Soleimani, Behrouz and Mohammad, Saif and Kiritchenko, Svetlana and Matwin, Stan},
   TITLE = {DeepMiner at SemEval-2018 Task 1: Emotion Intensity Recognition Using Deep Representation Learning}}
@INPROCEEDINGS{SemEval-2018-067,
   AUTHOR = {Jin, Di and Dernoncourt, Franck and Sergeeva, Elena and McDermott, Matthew and Chauhan, Geeticka},
   SORTNAME = {Jin, Di and Dernoncourt, Franck and Sergeeva, Elena and McDermott, Matthew and Chauhan, Geeticka},
   TITLE = {MIT-MEDG at SemEval-2018 Task 7: Semantic Relation Classification via Convolution Neural Network}}
@INPROCEEDINGS{SemEval-2018-158,
   AUTHOR = {Jin, Shuning and Pedersen, Ted},
   SORTNAME = {Jin, Shuning and Pedersen, Ted},
   TITLE = {Duluth UROP at SemEval-2018 Task 2: Multilingual Emoji Prediction with Ensemble Learning and Oversampling}}
@INPROCEEDINGS{SemEval-2018-009,
   AUTHOR = {Postma, Marten and Ilievski, Filip and Vossen, Piek},
   SORTNAME = {Postma, Marten and Ilievski, Filip and Vossen, Piek},
   TITLE = {SemEval-2018 Task 5: Counting Events and Participants in the Long Tail}}
@INPROCEEDINGS{SemEval-2018-112,
   AUTHOR = {Baziotis, Christos and Nikolaos, Athanasiou and Chronopoulou, Alexandra and Kolovou, Athanasia and Paraskevopoulos, Georgios and Ellinas, Nikolaos and Narayanan, Shrikanth and Potamianos, Alexandros},
   SORTNAME = {Baziotis, Christos and Nikolaos, Athanasiou and Chronopoulou, Alexandra and Kolovou, Athanasia and Paraskevopoulos, Georgios and Ellinas, Nikolaos and Narayanan, Shrikanth and Potamianos, Alexandros},
   TITLE = {NTUA-SLP at SemEval-2018 Task 1: Predicting Affective Content in Tweets with Deep Attentive RNNs and Transfer Learning}}
@INPROCEEDINGS{SemEval-2018-192,
   AUTHOR = {Merkhofer, Elizabeth and Henderson, John and Bloom, David and Strickhart, Laura and Zarrella, Guido},
   SORTNAME = {Merkhofer, Elizabeth and Henderson, John and Bloom, David and Strickhart, Laura and Zarrella, Guido},
   TITLE = {MITRE at SemEval-2018 Task 11: Commonsense Reasoning without Commonsense Knowledge}}
@INPROCEEDINGS{SemEval-2018-166,
   AUTHOR = {Reznikova, Sofia and Derczynski, Leon},
   SORTNAME = {Reznikova, Sofia and Derczynski, Leon},
   TITLE = {IUCM at SemEval-2018 Task 11: Similar-Topic Texts as a Comprehension Knowledge Source}}
@INPROCEEDINGS{SemEval-2018-072,
   AUTHOR = {Ribeiro, Alison and Silva, Nádia},
   SORTNAME = {Ribeiro, Alison and Silva, Nadia},
   TITLE = {\#TeamINF at SemEval-2018 Task 2: Emoji Prediction in Tweets}}
@INPROCEEDINGS{SemEval-2018-209,
   AUTHOR = {Barbieri, Francesco and Camacho-Collados, Jose and Ronzano, Francesco and Espinosa Anke, Luis and Ballesteros, Miguel and Basile, Valerio and Patti, Viviana and Saggion, Horacio},
   SORTNAME = {Barbieri, Francesco and Camacho-Collados, Jose and Ronzano, Francesco and Espinosa Anke, Luis and Ballesteros, Miguel and Basile, Valerio and Patti, Viviana and Saggion, Horacio},
   TITLE = {SemEval 2018 Task 2: Multilingual Emoji Prediction}}
@INPROCEEDINGS{SemEval-2018-131,
   AUTHOR = {Liebeck, Matthias and Funke, Andreas and Conrad, Stefan},
   SORTNAME = {Liebeck, Matthias and Funke, Andreas and Conrad, Stefan},
   TITLE = {HHU at SemEval-2018 Task 12: Analyzing an Ensemble-based Deep Learning Approach for the Argument Mining Task of Choosing the Correct Warrant}}
@INPROCEEDINGS{SemEval-2018-173,
   AUTHOR = {Dragoni, Mauro},
   SORTNAME = {Dragoni, Mauro},
   TITLE = {NEUROSENT-PDI at SemEval-2018 Task 7: Discovering Textual Relations With a Neural Network Model}}
@INPROCEEDINGS{SemEval-2018-110,
   AUTHOR = {Baziotis, Christos and Nikolaos, Athanasiou and Papalampidi, Pinelopi and Kolovou, Athanasia and Paraskevopoulos, Georgios and Ellinas, Nikolaos and Potamianos, Alexandros},
   SORTNAME = {Baziotis, Christos and Nikolaos, Athanasiou and Papalampidi, Pinelopi and Kolovou, Athanasia and Paraskevopoulos, Georgios and Ellinas, Nikolaos and Potamianos, Alexandros},
   TITLE = {NTUA-SLP at SemEval-2018 Task 3: Tracking Ironic Tweets using Ensembles of Word and Character Level Attentive RNNs}}
@INPROCEEDINGS{SemEval-2018-013,
   AUTHOR = {Çöltekin, Çağrı and Rama, Taraka},
   SORTNAME = {Coltekin, Cagrı and Rama, Taraka},
   TITLE = {Tübingen-Oslo at SemEval-2018 Task 2: SVMs perform better than RNNs in Emoji Prediction}}
@INPROCEEDINGS{SemEval-2018-189,
   AUTHOR = {Pratap, Bhanu and Shank, Daniel and Ositelu, Oladipo and Galbraith, Byron},
   SORTNAME = {Pratap, Bhanu and Shank, Daniel and Ositelu, Oladipo and Galbraith, Byron},
   TITLE = {Talla at SemEval-2018 Task 7: Hybrid Loss Optimization for Relation Classification using Convolutional Neural Networks}}
@INPROCEEDINGS{SemEval-2018-151,
   AUTHOR = {Kulmizev, Artur and Abdou, Mostafa and Ravishankar, Vinit and Nissim, Malvina},
   SORTNAME = {Kulmizev, Artur and Abdou, Mostafa and Ravishankar, Vinit and Nissim, Malvina},
   TITLE = {Discriminator at SemEval-2018 Task 10: Minimally Supervised Discrimination}}
@INPROCEEDINGS{SemEval-2018-052,
   AUTHOR = {Suárez-Paniagua, Víctor and Segura-Bedmar, Isabel and Aizawa, Akiko},
   SORTNAME = {Suarez-Paniagua, Victor and Segura-Bedmar, Isabel and Aizawa, Akiko},
   TITLE = {UC3M-NII Team at SemEval-2018 Task 7: Semantic Relation Classification in Scientific Papers via Convolutional Neural Network}}
@INPROCEEDINGS{SemEval-2018-044,
   AUTHOR = {Park, Cheoneum and Song, Heejun and Lee, Changki},
   SORTNAME = {Park, Cheoneum and Song, Heejun and Lee, Changki},
   TITLE = {KNU CI System at SemEval-2018 Task4: Character Identification by Solving Sequence-Labeling Problem}}
@INPROCEEDINGS{SemEval-2018-116,
   AUTHOR = {Gupta, Raj Kumar and Yang, Yinping},
   SORTNAME = {Gupta, Raj Kumar and Yang, Yinping},
   TITLE = {CrystalFeel at SemEval-2018 Task 1: Understanding and Detecting Emotion Intensity using Affective Lexicons}}
@INPROCEEDINGS{SemEval-2018-104,
   AUTHOR = {Lu, Xingwu and Mao, Xin and Lan, Man and Wu, Yuanbin},
   SORTNAME = {Lu, Xingwu and Mao, Xin and Lan, Man and Wu, Yuanbin},
   TITLE = {ECNU at SemEval-2018 Task 2: Leverage Traditional NLP Features and Neural Networks Methods to Address Twitter Emoji Prediction Task}}
@INPROCEEDINGS{SemEval-2018-071,
   AUTHOR = {Ahmed, Usman and Zafar, Lubna and Qayyum, Faiza and Arshad Islam, Muhammad},
   SORTNAME = {Ahmed, Usman and Zafar, Lubna and Qayyum, Faiza and Arshad Islam, Muhammad},
   TITLE = {Irony Detector at SemEval-2018 Task 3: Irony Detection in English Tweets using Word Graph}}
@INPROCEEDINGS{SemEval-2018-195,
   AUTHOR = {Shiue, Yow-Ting and Huang, Hen-Hsen and Chen, Hsin-Hsi},
   SORTNAME = {Shiue, Yow-Ting and Huang, Hen-Hsen and Chen, Hsin-Hsi},
   TITLE = {NTU NLP Lab System at SemEval-2018 Task 10: Verifying Semantic Differences by Integrating Distributional Information and Expert Knowledge}}
@INPROCEEDINGS{SemEval-2018-127,
   AUTHOR = {Vinayan, Vivek and Kumar M, Anand and K P, Soman},
   SORTNAME = {Vinayan, Vivek and Kumar M, Anand and K P, Soman},
   TITLE = {AmritaNLP at SemEval-2018 Task 10: Capturing discriminative attributes using convolution neural network over global vector representation.}}
@INPROCEEDINGS{SemEval-2018-057,
   AUTHOR = {González, José-Ángel and Hurtado, Lluís-F. and Segarra, Encarna and Pla, Ferran},
   SORTNAME = {Gonzalez, Jose-Angel and Hurtado, Lluis-F. and Segarra, Encarna and Pla, Ferran},
   TITLE = {ELiRF-UPV at SemEval-2018 Task 10: Capturing Discriminative Attributes with Knowledge Graphs and Wikipedia}}
@INPROCEEDINGS{SemEval-2018-077,
   AUTHOR = {Dearden, Edward and Baron, Alistair},
   SORTNAME = {Dearden, Edward and Baron, Alistair},
   TITLE = {Lancaster at SemEval-2018 Task 3: Investigating Ironic Features in English Tweets}}
@INPROCEEDINGS{SemEval-2018-069,
   AUTHOR = {Nooralahzadeh, Farhad and Øvrelid, Lilja and Lønning, Jan Tore},
   SORTNAME = {Nooralahzadeh, Farhad and Øvrelid, Lilja and Lønning, Jan Tore},
   TITLE = {SIRIUS-LTG-UiO at SemEval-2018 Task 7: Convolutional Neural Networks with Shortest Dependency Paths for Semantic Relation Extraction and Classification in Scientific Papers}}
@INPROCEEDINGS{SemEval-2018-174,
   AUTHOR = {Gerber, Luciano and Shardlow, Matthew},
   SORTNAME = {Gerber, Luciano and Shardlow, Matthew},
   TITLE = {Manchester Metropolitan at SemEval-2018 Task 2: Random Forest with an Ensemble of Features for Predicting Emoji in Tweets}}
@INPROCEEDINGS{SemEval-2018-138,
   AUTHOR = {Groot, Daphne and Kruizinga, Rémon and Veldthuis, Hennie and de Wit, Simon and Haagsma, Hessel},
   SORTNAME = {Groot, Daphne and Kruizinga, Remon and Veldthuis, Hennie and de Wit, Simon and Haagsma, Hessel},
   TITLE = {PickleTeam! at SemEval-2018 Task 2: English and Spanish Emoji Prediction from Tweets}}
@INPROCEEDINGS{SemEval-2018-111,
   AUTHOR = {Mirza, Paramita and Darari, Fariz and Mahendra, Rahmad},
   SORTNAME = {Mirza, Paramita and Darari, Fariz and Mahendra, Rahmad},
   TITLE = {KOI at SemEval-2018 Task 5: Building Knowledge Graph of Incidents}}
@INPROCEEDINGS{SemEval-2018-146,
   AUTHOR = {Ma, Chunping and Zheng, Huafei and Xie, Pengjun and Li, Chen and Li, Linlin and Si, Luo},
   SORTNAME = {Ma, Chunping and Zheng, Huafei and Xie, Pengjun and Li, Chen and Li, Linlin and Si, Luo},
   TITLE = {DM\_NLP at SemEval-2018 Task 8: neural sequence labeling with linguistic features}}
@INPROCEEDINGS{SemEval-2018-004,
   AUTHOR = {Onofrei, Mihaela and Hulub, Ionut and Trandabat, Diana and Gifu, Daniela},
   SORTNAME = {Onofrei, Mihaela and Hulub, Ionut and Trandabat, Diana and Gifu, Daniela},
   TITLE = {Apollo at SemEval-2018 Task 9: Detecting Hypernymy Relations Using Syntactic Dependencies}}
@INPROCEEDINGS{SemEval-2018-132,
   AUTHOR = {Keiper, Thorsten and Lyu, Zhonghao and Pooladzadeh, Sara and Xu, Yuan and Zhang, Jingyi and Lauscher, Anne and Ponzetto, Simone Paolo},
   SORTNAME = {Keiper, Thorsten and Lyu, Zhonghao and Pooladzadeh, Sara and Xu, Yuan and Zhang, Jingyi and Lauscher, Anne and Ponzetto, Simone Paolo},
   TITLE = {UniMa at SemEval-2018 Task 7: Semantic Relation Extraction and Classification from Scientific Publications}}
@INPROCEEDINGS{SemEval-2018-115,
   AUTHOR = {Abreu, Carla and Oliveira, Eugénio},
   SORTNAME = {Abreu, Carla and Oliveira, Eugenio},
   TITLE = {FEUP at SemEval-2018 Task 5: An Experimental Study of a Question Answering System}}
@INPROCEEDINGS{SemEval-2018-121,
   AUTHOR = {Zhou, Yunxiao and Lan, Man and Wu, Yuanbin},
   SORTNAME = {Zhou, Yunxiao and Lan, Man and Wu, Yuanbin},
   TITLE = {ECNU at SemEval-2018 Task 10: Evaluating Simple but Effective Features on Machine Learning Methods for Semantic Difference Detection}}
@INPROCEEDINGS{SemEval-2018-038,
   AUTHOR = {Dhyani, Dushyanta},
   SORTNAME = {Dhyani, Dushyanta},
   TITLE = {OhioState at SemEval-2018 Task 7: Exploiting Data Augmentation for Relation Classification in Scientific Papers Using Piecewise Convolutional Neural Networks}}
@INPROCEEDINGS{SemEval-2018-091,
   AUTHOR = {Santus, Enrico and Biemann, Chris and Chersoni, Emmanuele},
   SORTNAME = {Santus, Enrico and Biemann, Chris and Chersoni, Emmanuele},
   TITLE = {BomJi at SemEval-2018 Task 10: Combining Vector-, Pattern- and Graph-based Information to Identify Discriminative Attributes}}
@INPROCEEDINGS{SemEval-2018-049,
   AUTHOR = {San, Aidan},
   SORTNAME = {San, Aidan},
   TITLE = {Random Decision Syntax Trees at SemEval-2018 Task 3: LSTMs and Sentiment Scores for Irony Detection}}
@INPROCEEDINGS{SemEval-2018-188,
   AUTHOR = {Liu, Yingchi and Li, Quanzhi and Si, Luo},
   SORTNAME = {Liu, Yingchi and Li, Quanzhi and Si, Luo},
   TITLE = {NAI-SEA at SemEval-2018 Task 5: An Event Search System}}
@INPROCEEDINGS{SemEval-2018-084,
   AUTHOR = {Aina, Laura and Silberer, Carina and Sorodoc, Ionut-Teodor and Westera, Matthijs and Boleda, Gemma},
   SORTNAME = {Aina, Laura and Silberer, Carina and Sorodoc, Ionut-Teodor and Westera, Matthijs and Boleda, Gemma},
   TITLE = {AMORE-UPF at SemEval-2018 Task 4: BiLSTM with Entity Library}}
@INPROCEEDINGS{SemEval-2018-092,
   AUTHOR = {Ding, Peng and Zhou, Xiaobing},
   SORTNAME = {Ding, Peng and Zhou, Xiaobing},
   TITLE = {YNU\_Deep at SemEval-2018 Task 11: An Ensemble of Attention-based BiLSTM Models for Machine Comprehension}}
@INPROCEEDINGS{SemEval-2018-088,
   AUTHOR = {Hernández Farías, Delia Irazú and Sánchez-Vega, Fernando and Montes, Manuel and Rosso, Paolo},
   SORTNAME = {Hernandez Farias, Delia Irazu and Sanchez-Vega, Fernando and Montes, Manuel and Rosso, Paolo},
   TITLE = {INAOE-UPV at SemEval-2018 Task 3: An Ensemble Approach for Irony Detection in Twitter}}
@INPROCEEDINGS{SemEval-2018-184,
   AUTHOR = {Li, Yongbin and Zhou, Xiaobing},
   SORTNAME = {Li, Yongbin and Zhou, Xiaobing},
   TITLE = {Lyb3b at SemEval-2018 Task 12: Ensemble-based Deep Learning Models for Argument Reasoning Comprehension Task}}
@INPROCEEDINGS{SemEval-2018-090,
   AUTHOR = {R, Manikandan and Madgula, Krishna and Saha, Snehanshu},
   SORTNAME = {R, Manikandan and Madgula, Krishna and Saha, Snehanshu},
   TITLE = {TeamDL at SemEval-2018 Task 8: Cybersecurity Text Analysis using Convolutional Neural Network and Conditional Random Fields}}
@INPROCEEDINGS{SemEval-2018-194,
   AUTHOR = {Maldonado, Alfredo and Klubička, Filip},
   SORTNAME = {Maldonado, Alfredo and Klubicka, Filip},
   TITLE = {ADAPT at SemEval-2018 Task 9: Skip-Gram Word Embeddings for Unsupervised Hypernym Discovery in Specialised Corpora}}
@INPROCEEDINGS{SemEval-2018-064,
   AUTHOR = {Sherif, Myan and Mamdouh, Sherine and Ghazi, Wegdan},
   SORTNAME = {Sherif, Myan and Mamdouh, Sherine and Ghazi, Wegdan},
   TITLE = {CTSys at SemEval-2018 Task 3: Irony in Tweets}}
@INPROCEEDINGS{SemEval-2018-040,
   AUTHOR = {Olex, Amy and Maffey, Luke and Morgan, Nicholas and McInnes, Bridget},
   SORTNAME = {Olex, Amy and Maffey, Luke and Morgan, Nicholas and McInnes, Bridget},
   TITLE = {Chrono at SemEval-2018 Task 6: A System for Normalizing Temporal Expressions}}
@INPROCEEDINGS{SemEval-2018-210,
   AUTHOR = {Phandi, Peter and Silva, Amila and Lu, Wei},
   SORTNAME = {Phandi, Peter and Silva, Amila and Lu, Wei},
   TITLE = {SemEval-2018 Task 8: Semantic Extraction from CybersecUrity REports using Natural Language Processing (SecureNLP)}}
@INPROCEEDINGS{SemEval-2018-197,
   AUTHOR = {Nyegaard-Signori, Thomas and Helms, Casper Veistrup and Bjerva, Johannes and Augenstein, Isabelle},
   SORTNAME = {Nyegaard-Signori, Thomas and Helms, Casper Veistrup and Bjerva, Johannes and Augenstein, Isabelle},
   TITLE = {KU-MTL at SemEval-2018 Task 1: Multi-task Identification of Affect in Tweets}}
@INPROCEEDINGS{SemEval-2018-122,
   AUTHOR = {Zhang, You and Wang, Jin and Zhang, Xuejie},
   SORTNAME = {Zhang, You and Wang, Jin and Zhang, Xuejie},
   TITLE = {YNU-HPCC at SemEval-2018 Task 1: BiLSTM with Attention based Sentiment Analysis for Affect in Tweets}}
@INPROCEEDINGS{SemEval-2018-140,
   AUTHOR = {Qiu, Wei and Chen, Mosha and Li, Linlin and Si, Luo},
   SORTNAME = {Qiu, Wei and Chen, Mosha and Li, Linlin and Si, Luo},
   TITLE = {NLP\_HZ at SemEval-2018 Task 9: a Nearest Neighbor Approach}}
@INPROCEEDINGS{SemEval-2018-079,
   AUTHOR = {Zhang, Zhousheng and Li, Jiangtong and Zhao, Hai and Tang, Bingjie},
   SORTNAME = {Zhang, Zhousheng and Li, Jiangtong and Zhao, Hai and Tang, Bingjie},
   TITLE = {SJTU-NLP at SemEval-2018 Task 9: Neural Hypernym Discovery with Term Embeddings}}
@INPROCEEDINGS{SemEval-2018-118,
   AUTHOR = {Park, Ji Ho and Xu, Peng and Fung, Pascale},
   SORTNAME = {Park, Ji Ho and Xu, Peng and Fung, Pascale},
   TITLE = {PlusEmo2Vec at SemEval-2018 Task 1: Exploiting emotion knowledge from emoji and \#hashtags}}
@INPROCEEDINGS{SemEval-2018-176,
   AUTHOR = {Sikdar, Utpal Kumar and Barik, Biswanath and Gambäck, Björn},
   SORTNAME = {Sikdar, Utpal Kumar and Barik, Biswanath and Gamback, Bjorn},
   TITLE = {Flytxt\_NTNU at SemEval-2018 Task 8: Identifying and Classifying Malware Text Using Conditional Random Fields and Naïve Bayes Classifiers}}
@INPROCEEDINGS{SemEval-2018-202,
   AUTHOR = {Ostermann, Simon and Roth, Michael and Modi, Ashutosh and Thater, Stefan and Pinkal, Manfred},
   SORTNAME = {Ostermann, Simon and Roth, Michael and Modi, Ashutosh and Thater, Stefan and Pinkal, Manfred},
   TITLE = {SemEval-2018 Task 11: Machine Comprehension Using Commonsense Knowledge}}
@INPROCEEDINGS{SemEval-2018-075,
   AUTHOR = {Wu, Chuhan and Wu, Fangzhao and Liu, Junxin and Yuan, Zhigang and Wu, Sixing and Huang, Yongfeng},
   SORTNAME = {Wu, Chuhan and Wu, Fangzhao and Liu, Junxin and Yuan, Zhigang and Wu, Sixing and Huang, Yongfeng},
   TITLE = {THU\_NGN at SemEval-2018 Task 1: Fine-grained Tweet Sentiment Intensity Analysis with Attention CNN-LSTM}}
@INPROCEEDINGS{SemEval-2018-155,
   AUTHOR = {Basile, Angelo and Lino, Kenny W.},
   SORTNAME = {Basile, Angelo and Lino, Kenny W.},
   TITLE = {TAJJEB at SemEval-2018 Task 2: Traditional Approaches Just Do the Job with Emoji Prediction}}
@INPROCEEDINGS{SemEval-2018-179,
   AUTHOR = {Elango, Venkatesh and Uppal, Karan},
   SORTNAME = {Elango, Venkatesh and Uppal, Karan},
   TITLE = {RIDDL at SemEval-2018 Task 1: Rage Intensity Detection with Deep Learning}}
@INPROCEEDINGS{SemEval-2018-153,
   AUTHOR = {King, Milton and Hakimi Parizi, Ali and Cook, Paul},
   SORTNAME = {King, Milton and Hakimi Parizi, Ali and Cook, Paul},
   TITLE = {UNBNLP at SemEval-2018 Task 10: Evaluating unsupervised approaches to capturing discriminative attributes}}
@INPROCEEDINGS{SemEval-2018-163,
   AUTHOR = {George, Anon and Ganesh H. B., Barathi and Kumar M, Anand and K P, Soman},
   SORTNAME = {George, Anon and Ganesh H. B., Barathi and Kumar M, Anand and K P, Soman},
   TITLE = {TeamCEN at SemEval-2018 Task 1: Global Vectors Representation in Emotion Detection}}
@INPROCEEDINGS{SemEval-2018-098,
   AUTHOR = {Rozental, Alon and Fleischer, Daniel},
   SORTNAME = {Rozental, Alon and Fleischer, Daniel},
   TITLE = {Amobee at SemEval-2018 Task 1: GRU Neural Network with a CNN Attention Mechanism for Sentiment Classification}}
@INPROCEEDINGS{SemEval-2018-012,
   AUTHOR = {Wang, Zhenduo and Pedersen, Ted},
   SORTNAME = {Wang, Zhenduo and Pedersen, Ted},
   TITLE = {UMDSub at SemEval-2018 Task 2: Multilingual Emoji Prediction Multi-channel Convolutional Neural Network on Subword Embedding}}
@INPROCEEDINGS{SemEval-2018-054,
   AUTHOR = {Dumitru, Bogdan and Ciobanu, Alina Maria and Dinu, Liviu P.},
   SORTNAME = {Dumitru, Bogdan and Ciobanu, Alina Maria and Dinu, Liviu P.},
   TITLE = {ALB at SemEval-2018 Task 10: A System for Capturing Discriminative Attributes}}
@INPROCEEDINGS{SemEval-2018-159,
   AUTHOR = {J R, Naveen and V, Hariharan and Ganesh H. B., Barathi and Kumar M, Anand and K P, Soman},
   SORTNAME = {J R, Naveen and V, Hariharan and Ganesh H. B., Barathi and Kumar M, Anand and K P, Soman},
   TITLE = {CENNLP at SemEval-2018 Task 2: Enhanced Distributed Representation of Text using Target Classes for Emoji Prediction Representation}}
@INPROCEEDINGS{SemEval-2018-211,
   AUTHOR = {Krebs, Alicia and Lenci, Alessandro and Paperno, Denis},
   SORTNAME = {Krebs, Alicia and Lenci, Alessandro and Paperno, Denis},
   TITLE = {SemEval-2018 Task 10: Capturing Discriminative Attributes}}
@INPROCEEDINGS{SemEval-2018-055,
   AUTHOR = {Kravchenko, Dmitry and Pivovarova, Lidia},
   SORTNAME = {Kravchenko, Dmitry and Pivovarova, Lidia},
   TITLE = {DL Team at SemEval-2018 Task 1: Tweet Affect Detection using Sentiment Lexicons and Embeddings}}
@INPROCEEDINGS{SemEval-2018-047,
   AUTHOR = {Rohanian, Omid and Taslimipoor, Shiva and Evans, Richard and Mitkov, Ruslan},
   SORTNAME = {Rohanian, Omid and Taslimipoor, Shiva and Evans, Richard and Mitkov, Ruslan},
   TITLE = {WLV at SemEval-2018 Task 3: Dissecting Tweets in Search of Irony}}
@INPROCEEDINGS{SemEval-2018-172,
   AUTHOR = {Du, Pan and Nie, Jian-Yun},
   SORTNAME = {Du, Pan and Nie, Jian-Yun},
   TITLE = {Mutux at SemEval-2018 Task 1: Exploring Impacts of Context Information On Emotion Detection}}
@INPROCEEDINGS{SemEval-2018-058,
   AUTHOR = {González, José-Ángel and Hurtado, Lluís-F. and Segarra, Encarna and Pla, Ferran},
   SORTNAME = {Gonzalez, Jose-Angel and Hurtado, Lluis-F. and Segarra, Encarna and Pla, Ferran},
   TITLE = {ELiRF-UPV at SemEval-2018 Task 11: Machine Comprehension using Commonsense Knowledge}}
@INPROCEEDINGS{SemEval-2018-029,
   AUTHOR = {Sommerauer, Pia and Fokkens, Antske and Vossen, Piek},
   SORTNAME = {Sommerauer, Pia and Fokkens, Antske and Vossen, Piek},
   TITLE = {Meaning\_space at SemEval-2018 Task 10: Combining explicitly encoded knowledge with information extracted from word embeddings}}
@INPROCEEDINGS{SemEval-2018-128,
   AUTHOR = {Li, Meng and Dong, Zhenyuan and Fan, Zhihao and Meng, Kongming and Cao, Jinghua and Ding, Guanqi and Liu, Yuhan and Shan, Jiawei and Li, Binyang},
   SORTNAME = {Li, Meng and Dong, Zhenyuan and Fan, Zhihao and Meng, Kongming and Cao, Jinghua and Ding, Guanqi and Liu, Yuhan and Shan, Jiawei and Li, Binyang},
   TITLE = {ISCLAB at SemEval-2018 Task 1: UIR-Miner for Affect in Tweets}}
@INPROCEEDINGS{SemEval-2018-070,
   AUTHOR = {Yin, Zhongbo and Luo, Zhunchen and Wei, Luo and Bin, Mao and Changhai, Tian and Yuming, Ye and Shuai, Wu},
   SORTNAME = {Yin, Zhongbo and Luo, Zhunchen and Wei, Luo and Bin, Mao and Changhai, Tian and Yuming, Ye and Shuai, Wu},
   TITLE = {IRCMS at SemEval-2018 Task 7 : Evaluating a basic CNN Method and Traditional Pipeline Method for Relation Classification}}
@INPROCEEDINGS{SemEval-2018-177,
   AUTHOR = {Mahendran, Darshini and Brahmana, Chathurika and McInnes, Bridget},
   SORTNAME = {Mahendran, Darshini and Brahmana, Chathurika and McInnes, Bridget},
   TITLE = {SciREL at SemEval-2018 Task 7: A System for Semantic Relation Extraction and Classification}}
@INPROCEEDINGS{SemEval-2018-208,
   AUTHOR = {Camacho-Collados, Jose and Delli Bovi, Claudio and Espinosa Anke, Luis and Oramas, Sergio and Pasini, Tommaso and Santus, Enrico and Shwartz, Vered and Navigli, Roberto and Saggion, Horacio},
   SORTNAME = {Camacho-Collados, Jose and Delli Bovi, Claudio and Espinosa Anke, Luis and Oramas, Sergio and Pasini, Tommaso and Santus, Enrico and Shwartz, Vered and Navigli, Roberto and Saggion, Horacio},
   TITLE = {SemEval-2018 Task 9: Hypernym Discovery}}
@INPROCEEDINGS{SemEval-2018-185,
   AUTHOR = {Pamungkas, Endang Wahyu and Patti, Viviana},
   SORTNAME = {Pamungkas, Endang Wahyu and Patti, Viviana},
   TITLE = {\#NonDicevoSulSerio at SemEval-2018 Task 3: Exploiting Emojis and Affective Content for Irony Detection in English Tweets}}
@INPROCEEDINGS{SemEval-2018-046,
   AUTHOR = {Mulki, Hala and Bechikh Ali, Chedi and Haddad, Hatem and Babaoglu, Ismail},
   SORTNAME = {Mulki, Hala and Bechikh Ali, Chedi and Haddad, Hatem and Babaoglu, Ismail},
   TITLE = {Tw-StAR at SemEval-2018 Task 1: Preprocessing Impact on Multi-label Emotion Classification}}
@INPROCEEDINGS{SemEval-2018-203,
   AUTHOR = {Habernal, Ivan and Wachsmuth, Henning and Gurevych, Iryna and Stein, Benno},
   SORTNAME = {Habernal, Ivan and Wachsmuth, Henning and Gurevych, Iryna and Stein, Benno},
   TITLE = {SemEval-2018 Task 12: The Argument Reasoning Comprehension Task}}
@INPROCEEDINGS{SemEval-2018-026,
   AUTHOR = {Přibáň, Pavel and Hercig, Tomáš and Lenc, Ladislav},
   SORTNAME = {Priban, Pavel and Hercig, Tomas and Lenc, Ladislav},
   TITLE = {UWB at SemEval-2018 Task 1: Emotion Intensity Detection in Tweets}}
@INPROCEEDINGS{SemEval-2018-129,
   AUTHOR = {Meisheri, Hardik and Dey, Lipika},
   SORTNAME = {Meisheri, Hardik and Dey, Lipika},
   TITLE = {TCS Research at SemEval-2018 Task 1: Learning Robust Representations using Multi-Attention Architecture}}
@INPROCEEDINGS{SemEval-2018-059,
   AUTHOR = {Taslimipoor, Shiva and Rohanian, Omid and Ha, Le An and Corpas Pastor, Gloria and Mitkov, Ruslan},
   SORTNAME = {Taslimipoor, Shiva and Rohanian, Omid and Ha, Le An and Corpas Pastor, Gloria and Mitkov, Ruslan},
   TITLE = {Wolves at SemEval-2018 Task 10: Semantic Discrimination based on Knowledge and Association}}
@INPROCEEDINGS{SemEval-2018-106,
   AUTHOR = {Badaro, Gilbert and El Jundi, Obeida and Khaddaj, Alaa and Maarouf, Alaa and Kain, Raslan and Hajj, Hazem and El-Hajj, Wassim},
   SORTNAME = {Badaro, Gilbert and El Jundi, Obeida and Khaddaj, Alaa and Maarouf, Alaa and Kain, Raslan and Hajj, Hazem and El-Hajj, Wassim},
   TITLE = {EMA at SemEval-2018 Task 1: Emotion Mining for Arabic}}
@INPROCEEDINGS{SemEval-2018-109,
   AUTHOR = {Jiang, Zhengping and Sun, Qi},
   SORTNAME = {Jiang, Zhengping and Sun, Qi},
   TITLE = {CSReader at SemEval-2018 Task 11: Multiple Choice Question Answering as Textual Entailment}}
@INPROCEEDINGS{SemEval-2018-023,
   AUTHOR = {Hercig, Tomáš},
   SORTNAME = {Hercig, Tomas},
   TITLE = {UWB at SemEval-2018 Task 3: Irony detection in English tweets}}
@INPROCEEDINGS{SemEval-2018-147,
   AUTHOR = {MacAvaney, Sean and Soldaini, Luca and Cohan, Arman and Goharian, Nazli},
   SORTNAME = {MacAvaney, Sean and Soldaini, Luca and Cohan, Arman and Goharian, Nazli},
   TITLE = {GU IRLAB at SemEval-2018 Task 7: Tree-LSTMs for Scientific Relation Classification}}
@INPROCEEDINGS{SemEval-2018-043,
   AUTHOR = {Cho, Won Ik and Kang, Woo Hyun and Kim, Nam Soo},
   SORTNAME = {Cho, Won Ik and Kang, Woo Hyun and Kim, Nam Soo},
   TITLE = {HashCount at SemEval-2018 Task 3: Concatenative Featurization of Tweet and Hashtags for Irony Detection}}
@INPROCEEDINGS{SemEval-2018-134,
   AUTHOR = {Ding, Peng and Zhou, Xiaobing},
   SORTNAME = {Ding, Peng and Zhou, Xiaobing},
   TITLE = {YNU Deep at SemEval-2018 Task 12: A BiLSTM Model with Neural Attention for Argument Reasoning Comprehension}}
@INPROCEEDINGS{SemEval-2018-117,
   AUTHOR = {Niven, Timothy and Kao, Hung-Yu},
   SORTNAME = {Niven, Timothy and Kao, Hung-Yu},
   TITLE = {NLITrans at SemEval-2018 Task 12: Transfer of Semantic Knowledge for Argument Comprehension}}
@INPROCEEDINGS{SemEval-2018-096,
   AUTHOR = {Grishin, Maxim},
   SORTNAME = {Grishin, Maxim},
   TITLE = {Igevorse at SemEval-2018 Task 10: Exploring an Impact of Word Embeddings Concatenation for Capturing Discriminative Attributes}}
@INPROCEEDINGS{SemEval-2018-196,
   AUTHOR = {Guibon, Gaël and Ochs, Magalie and Bellot, Patrice},
   SORTNAME = {Guibon, Gael and Ochs, Magalie and Bellot, Patrice},
   TITLE = {LIS at SemEval-2018 Task 2: Mixing Word Embeddings and Bag of Features for Multilingual Emoji Prediction}}
@INPROCEEDINGS{SemEval-2018-139,
   AUTHOR = {Choi, HongSeok and Lee, Hyunju},
   SORTNAME = {Choi, HongSeok and Lee, Hyunju},
   TITLE = {GIST at SemEval-2018 Task 12: A network transferring inference knowledge to Argument Reasoning Comprehension task}}
@INPROCEEDINGS{SemEval-2018-150,
   AUTHOR = {Hettinger, Lena and Dallmann, Alexander and Zehe, Albin and Niebler, Thomas and Hotho, Andreas},
   SORTNAME = {Hettinger, Lena and Dallmann, Alexander and Zehe, Albin and Niebler, Thomas and Hotho, Andreas},
   TITLE = {ClaiRE at SemEval-2018 Task 7: Classification of Relations using Embeddings}}
@INPROCEEDINGS{SemEval-2018-050,
   AUTHOR = {Kim, Taeuk and Choi, Jihun and Lee, Sang-goo},
   SORTNAME = {Kim, Taeuk and Choi, Jihun and Lee, Sang-goo},
   TITLE = {SNU\_IDS at SemEval-2018 Task 12: Sentence Encoder with Contextualized Vectors for Argument Reasoning Comprehension}}
@INPROCEEDINGS{SemEval-2018-125,
   AUTHOR = {Liao, Quanlei and Yang, Xutao and Wang, Jin and Zhang, Xuejie},
   SORTNAME = {Liao, Quanlei and Yang, Xutao and Wang, Jin and Zhang, Xuejie},
   TITLE = {YNU-HPCC at SemEval-2018 Task 12: The Argument Reasoning Comprehension Task Using a Bi-directional LSTM with Attention Model}}
@INPROCEEDINGS{SemEval-2018-199,
   AUTHOR = {Berend, Gábor and Makrai, Márton and Földiák, Péter},
   SORTNAME = {Berend, Gabor and Makrai, Marton and Foldiak, Peter},
   TITLE = {300-sparsans at SemEval-2018 Task 9: Hypernymy as interaction of sparse attributes}}
@INPROCEEDINGS{SemEval-2018-191,
   AUTHOR = {Narwekar, Abhishek Avinash and Girju, Roxana},
   SORTNAME = {Narwekar, Abhishek Avinash and Girju, Roxana},
   TITLE = {UIUC at SemEval-2018 Task 1: Recognizing Affect with Ensemble Models}}
@INPROCEEDINGS{SemEval-2018-078,
   AUTHOR = {Neves, Mariana and Butzke, Daniel and Schönfelder, Gilbert and Grune, Barbara},
   SORTNAME = {Neves, Mariana and Butzke, Daniel and Schonfelder, Gilbert and Grune, Barbara},
   TITLE = {Bf3R at SemEval-2018 Task 7: Evaluating Two Relation Extraction Tools for Finding Semantic Relations in Biomedical Abstracts}}
@INPROCEEDINGS{SemEval-2018-099,
   AUTHOR = {Shiyun, Chen and Maoquan, Wang and Liang, He},
   SORTNAME = {Shiyun, Chen and Maoquan, Wang and Liang, He},
   TITLE = {EmojiIt at SemEval-2018 Task 2: An Effective Attention-Based Recurrent Neural Network Model for Emoji Prediction with Characters Gated Words}}
@INPROCEEDINGS{SemEval-2018-170,
   AUTHOR = {Hernández Farías, Delia Irazú and Patti, Viviana and Rosso, Paolo},
   SORTNAME = {Hernandez Farias, Delia Irazu and Patti, Viviana and Rosso, Paolo},
   TITLE = {ValenTO at SemEval-2018 Task 3: Exploring the Role of Affective Content for Detecting Irony in English Tweets}}
@INPROCEEDINGS{SemEval-2018-097,
   AUTHOR = {Abdou, Mostafa and Kulmizev, Artur and Ginés i Ametllé, Joan},
   SORTNAME = {Abdou, Mostafa and Kulmizev, Artur and Gines i Ametlle, Joan},
   TITLE = {AffecThor at SemEval-2018 Task 1: A cross-linguistic approach to sentiment intensity quantification in tweets}}
@INPROCEEDINGS{SemEval-2018-083,
   AUTHOR = {Jabreel, Mohammed and Moreno, Antonio},
   SORTNAME = {Jabreel, Mohammed and Moreno, Antonio},
   TITLE = {EiTAKA at SemEval-2018 Task 1: An Ensemble of N-Channels ConvNet and XGboost Regressors for Emotion Analysis of Tweets}}
@INPROCEEDINGS{SemEval-2018-008,
   AUTHOR = {Wang, Liang and Sun, Meng and Zhao, Wei and Shen, Kewei and Liu, Jingming},
   SORTNAME = {Wang, Liang and Sun, Meng and Zhao, Wei and Shen, Kewei and Liu, Jingming},
   TITLE = {Yuanfudao at SemEval-2018 Task 11: Three-way Attention and Relational Knowledge for Commonsense Machine Comprehension}}
@INPROCEEDINGS{SemEval-2018-032,
   AUTHOR = {Graff, Mario and Miranda-Jiménez, Sabino and Tellez, Eric S. and Moctezuma, Daniela},
   SORTNAME = {Graff, Mario and Miranda-Jimenez, Sabino and Tellez, Eric S. and Moctezuma, Daniela},
   TITLE = {INGEOTEC at SemEval-2018 Task 1: EvoMSA and μTC for Sentiment Analysis}}
@INPROCEEDINGS{SemEval-2018-187,
   AUTHOR = {Gee, Grace and Wang, Eugene},
   SORTNAME = {Gee, Grace and Wang, Eugene},
   TITLE = {psyML at SemEval-2018 Task 1: Transfer Learning for Sentiment and Emotion Analysis}}
@INPROCEEDINGS{SemEval-2018-124,
   AUTHOR = {Peng, Bo and Wang, Jin and Zhang, Xuejie},
   SORTNAME = {Peng, Bo and Wang, Jin and Zhang, Xuejie},
   TITLE = {YNU-HPCC at SemEval-2018 Task 3: Ensemble Neural Network Models for Irony Detection on Twitter}}
@INPROCEEDINGS{SemEval-2018-060,
   AUTHOR = {Rotsztejn, Jonathan and Hollenstein, Nora and Zhang, Ce},
   SORTNAME = {Rotsztejn, Jonathan and Hollenstein, Nora and Zhang, Ce},
   TITLE = {ETH-DS3Lab at SemEval-2018 Task 7: Effectively Combining Recurrent and Convolutional Neural Networks for Relation Classification and Extraction}}
@INPROCEEDINGS{SemEval-2018-030,
   AUTHOR = {Kim, Yanghoon and Lee, Hwanhee and Jung, Kyomin},
   SORTNAME = {Kim, Yanghoon and Lee, Hwanhee and Jung, Kyomin},
   TITLE = {AttnConvnet at SemEval-2018 Task 1: Attention-based Convolutional Neural Networks for Multi-label Emotion Classification}}
@INPROCEEDINGS{SemEval-2018-045,
   AUTHOR = {Ezen-Can, Aysu and Can, Ethem F.},
   SORTNAME = {Ezen-Can, Aysu and Can, Ethem F.},
   TITLE = {RNN for Affects at SemEval-2018 Task 1: Formulating Affect Identification as a Binary Classification Problem}}
@INPROCEEDINGS{SemEval-2018-148,
   AUTHOR = {Chi, Zewen and Huang, Heyan and Chen, Jiangui and Wu, Hao and Wei, Ran},
   SORTNAME = {Chi, Zewen and Huang, Heyan and Chen, Jiangui and Wu, Hao and Wei, Ran},
   TITLE = {Zewen at SemEval-2018 Task 1: An Ensemble Model for Affect Prediction in Tweets}}
@INPROCEEDINGS{SemEval-2018-162,
   AUTHOR = {Padia, Ankur and Roy, Arpita and Satyapanich, Taneeya and Ferraro, Francis and Pan, Shimei and Park, Youngja and Joshi, Anupam and Finin, Tim},
   SORTNAME = {Padia, Ankur and Roy, Arpita and Satyapanich, Taneeya and Ferraro, Francis and Pan, Shimei and Park, Youngja and Joshi, Anupam and Finin, Tim},
   TITLE = {UMBC at SemEval-2018 Task 8: Understanding Text about Malware}}
@INPROCEEDINGS{SemEval-2018-114,
   AUTHOR = {Coster, Joël and van Dalen, Reinder Gerard and Stierman, Nathalie Adriënne Jacqueline},
   SORTNAME = {Coster, Joel and van Dalen, Reinder Gerard and Stierman, Nathalie Adrienne Jacqueline},
   TITLE = {Hatching Chick at SemEval-2018 Task 2: Multilingual Emoji Prediction}}
@INPROCEEDINGS{SemEval-2018-093,
   AUTHOR = {Yin, Zhenghang and Wang, Feixiang and Lan, Man and Wang, Wenting},
   SORTNAME = {Yin, Zhenghang and Wang, Feixiang and Lan, Man and Wang, Wenting},
   TITLE = {ECNU at SemEval-2018 Task 3: Exploration on Irony Detection from Tweets via Machine Learning and Deep Learning Methods}}
@INPROCEEDINGS{SemEval-2018-001,
   AUTHOR = {Choi, Jinho D. and Chen, Henry Y.},
   SORTNAME = {Choi, Jinho D. and Chen, Henry Y.},
   TITLE = {SemEval 2018 Task 4: Character Identification on Multiparty Dialogues}}
@INPROCEEDINGS{SemEval-2018-022,
   AUTHOR = {De Bruyne, Luna and De Clercq, Orphee and Hoste, Veronique},
   SORTNAME = {De Bruyne, Luna and De Clercq, Orphee and Hoste, Veronique},
   TITLE = {LT3 at SemEval-2018 Task 1: A classifier chain to detect emotions in tweets}}
@INPROCEEDINGS{SemEval-2018-207,
   AUTHOR = {Laparra, Egoitz and Xu, Dongfang and Elsayed, Ahmed and Bethard, Steven and Palmer, Martha},
   SORTNAME = {Laparra, Egoitz and Xu, Dongfang and Elsayed, Ahmed and Bethard, Steven and Palmer, Martha},
   TITLE = {SemEval 2018 Task 6: Parsing Time Normalizations}}
@INPROCEEDINGS{SemEval-2018-186,
   AUTHOR = {Barik, Biswanath and Sikdar, Utpal Kumar and Gambäck, Björn},
   SORTNAME = {Barik, Biswanath and Sikdar, Utpal Kumar and Gamback, Bjorn},
   TITLE = {NTNU at SemEval-2018 Task 7: Classifier Ensembling for Semantic Relation Identification and Classification in Scientific Papers}}
@INPROCEEDINGS{SemEval-2018-165,
   AUTHOR = {Mao, Rui and Chen, Guanyi and Li, Ruizhe and Lin, Chenghua},
   SORTNAME = {Mao, Rui and Chen, Guanyi and Li, Ruizhe and Lin, Chenghua},
   TITLE = {ABDN at SemEval-2018 Task 10: Recognising Discriminative Attributes using Context Embeddings and WordNet}}
@INPROCEEDINGS{SemEval-2018-041,
   AUTHOR = {Aono, Masaki and Himeno, Shinnosuke},
   SORTNAME = {Aono, Masaki and Himeno, Shinnosuke},
   TITLE = {KDE-AFFECT at SemEval-2018 Task 1: Estimation of Affects in Tweet by Using Convolutional Neural Network for n-gram}}
@INPROCEEDINGS{SemEval-2018-142,
   AUTHOR = {Wang, Nan and Wang, Jin and Zhang, Xuejie},
   SORTNAME = {Wang, Nan and Wang, Jin and Zhang, Xuejie},
   TITLE = {YNU-HPCC at SemEval-2018 Task 2: Multi-ensemble Bi-GRU Model with Attention Mechanism for Multilingual Emoji Prediction}}
@INPROCEEDINGS{SemEval-2018-011,
   AUTHOR = {Liu, Man},
   SORTNAME = {Liu, Man},
   TITLE = {EmoNLP at SemEval-2018 Task 2: English Emoji Prediction with Gradient Boosting Regression Tree Method and Bidirectional LSTM}}
@INPROCEEDINGS{SemEval-2018-157,
   AUTHOR = {Zanzotto, Fabio Massimo and Santilli, Andrea},
   SORTNAME = {Zanzotto, Fabio Massimo and Santilli, Andrea},
   TITLE = {SyntNN at SemEval-2018 Task 2: is Syntax Useful for Emoji Prediction? Embedding Syntactic Trees in Multi Layer Perceptrons}}
@INPROCEEDINGS{SemEval-2018-062,
   AUTHOR = {Turcu, Ramona-Andreea and Amarandei, Sandra Maria and Fleșcan-Lovin-Arseni, Iuliana-Alexandra and Gifu, Daniela and Trandabat, Diana},
   SORTNAME = {Turcu, Ramona-Andreea and Amarandei, Sandra Maria and Flescan-Lovin-Arseni, Iuliana-Alexandra and Gifu, Daniela and Trandabat, Diana},
   TITLE = {EmoIntens Tracker at SemEval-2018 Task 1: Emotional Intensity Levels in \#Tweets}}
@INPROCEEDINGS{SemEval-2018-081,
   AUTHOR = {Xie, Yufei and Song, Qingqing},
   SORTNAME = {Xie, Yufei and Song, Qingqing},
   TITLE = {EICA Team at SemEval-2018 Task 2: Semantic and Metadata-based Features for Multilingual Emoji Prediction}}
@INPROCEEDINGS{SemEval-2018-019,
   AUTHOR = {Beaulieu, Jonathan and Asamoah Owusu, Dennis},
   SORTNAME = {Beaulieu, Jonathan and Asamoah Owusu, Dennis},
   TITLE = {UMDuluth-CS8761 at SemEval-2018 Task 2: Emojis: Too many Choices?}}
@INPROCEEDINGS{SemEval-2018-123,
   AUTHOR = {Yuan, Hang and Wang, Jin and Zhang, Xuejie},
   SORTNAME = {Yuan, Hang and Wang, Jin and Zhang, Xuejie},
   TITLE = {YNU-HPCC at Semeval-2018 Task 11: Using an Attention-based CNN-LSTM for Machine Comprehension using Commonsense Knowledge}}
@INPROCEEDINGS{SemEval-2018-042,
   AUTHOR = {Mikhalkova, Elena and Karyakin, Yuri and Voronov, Alexander and Grigoriev, Dmitry and Leoznov, Artem},
   SORTNAME = {Mikhalkova, Elena and Karyakin, Yuri and Voronov, Alexander and Grigoriev, Dmitry and Leoznov, Artem},
   TITLE = {PunFields at SemEval-2018 Task 3: Detecting Irony by Tools of Humor Analysis}}
@INPROCEEDINGS{SemEval-2018-024,
   AUTHOR = {Renslow, Tyler and Neumann, Günter},
   SORTNAME = {Renslow, Tyler and Neumann, Gunter},
   TITLE = {LightRel at SemEval-2018 Task 7: Lightweight and Fast Relation Classification}}
@INPROCEEDINGS{SemEval-2018-051,
   AUTHOR = {Luan, Yi and Ostendorf, Mari and Hajishirzi, Hannaneh},
   SORTNAME = {Luan, Yi and Ostendorf, Mari and Hajishirzi, Hannaneh},
   TITLE = {The UWNLP system at SemEval-2018 Task 7: Neural Relation Extraction Model with Selectively Incorporated Concept Embeddings}}
@INPROCEEDINGS{SemEval-2018-061,
   AUTHOR = {Alexa, Larisa and Lorent, Alina and Gifu, Daniela and Trandabat, Diana},
   SORTNAME = {Alexa, Larisa and Lorent, Alina and Gifu, Daniela and Trandabat, Diana},
   TITLE = {The Dabblers at SemEval-2018 Task 2: Multilingual Emoji Prediction}}
@INPROCEEDINGS{SemEval-2018-103,
   AUTHOR = {Chen, Jing and Yang, Dechuan and Li, Xilian and Chen, Wei and Wang, Tengjiao},
   SORTNAME = {Chen, Jing and Yang, Dechuan and Li, Xilian and Chen, Wei and Wang, Tengjiao},
   TITLE = {Peperomia at SemEval-2018 Task 2: Vector Similarity Based Approach for Emoji Prediction}}
@INPROCEEDINGS{SemEval-2018-074,
   AUTHOR = {Wu, Chuhan and Wu, Fangzhao and Wu, Sixing and Liu, Junxin and Yuan, Zhigang and Huang, Yongfeng},
   SORTNAME = {Wu, Chuhan and Wu, Fangzhao and Wu, Sixing and Liu, Junxin and Yuan, Zhigang and Huang, Yongfeng},
   TITLE = {THU\_NGN at SemEval-2018 Task 3: Tweet Irony Detection with Densely connected LSTM and Multi-task Learning}}
@INPROCEEDINGS{SemEval-2018-015,
   AUTHOR = {Karasalo, Maja and Nilsson, Mattias and Rosell, Magnus and Wickenberg Bolin, Ulrika},
   SORTNAME = {Karasalo, Maja and Nilsson, Mattias and Rosell, Magnus and Wickenberg Bolin, Ulrika},
   TITLE = {FOI DSS at SemEval-2018 Task 1: Combining LSTM States, Embeddings, and Lexical Features for Affect Analysis}}
@INPROCEEDINGS{SemEval-2018-183,
   AUTHOR = {Li, Yongbin and Zhou, Xiaobing},
   SORTNAME = {Li, Yongbin and Zhou, Xiaobing},
   TITLE = {Lyb3b at SemEval-2018 Task 11: Machine Comprehension Task using Deep Learning Models}}
@INPROCEEDINGS{SemEval-2018-080,
   AUTHOR = {Bernier-Colborne, Gabriel and Barriere, Caroline},
   SORTNAME = {Bernier-Colborne, Gabriel and Barriere, Caroline},
   TITLE = {CRIM at SemEval-2018 Task 9: A Hybrid Approach to Hypernym Discovery}}
@INPROCEEDINGS{SemEval-2018-066,
   AUTHOR = {Wu, Chuhan and Wu, Fangzhao and Wu, Sixing and Yuan, Zhigang and Liu, Junxin and Huang, Yongfeng},
   SORTNAME = {Wu, Chuhan and Wu, Fangzhao and Wu, Sixing and Yuan, Zhigang and Liu, Junxin and Huang, Yongfeng},
   TITLE = {THU\_NGN at SemEval-2018 Task 2: Residual CNN-LSTM Network with Attention for English Emoji Prediction}}
@INPROCEEDINGS{SemEval-2018-048,
   AUTHOR = {Wu, Chuhan and Wu, Fangzhao and Wu, Sixing and Yuan, Zhigang and Huang, Yongfeng},
   SORTNAME = {Wu, Chuhan and Wu, Fangzhao and Wu, Sixing and Yuan, Zhigang and Huang, Yongfeng},
   TITLE = {THU\_NGN at SemEval-2018 Task 10: Capturing Discriminative Attributes with MLP-CNN model}}
@INPROCEEDINGS{SemEval-2018-037,
   AUTHOR = {Lai, Sunny and Leung, Kwong Sak and Leung, Yee},
   SORTNAME = {Lai, Sunny and Leung, Kwong Sak and Leung, Yee},
   TITLE = {SUNNYNLP at SemEval-2018 Task 10: A Support-Vector-Machine-Based Method for Detecting Semantic Difference using Taxonomy and Word Embedding Features}}
@INPROCEEDINGS{SemEval-2018-082,
   AUTHOR = {Sysoev, Andrey and Mayorov, Vladimir},
   SORTNAME = {Sysoev, Andrey and Mayorov, Vladimir},
   TITLE = {Texterra at SemEval-2018 Task 7: Exploiting Syntactic Information for Relation Extraction and Classification in Scientific Papers}}
@INPROCEEDINGS{SemEval-2018-007,
   AUTHOR = {Swanberg, Kevin and Mirza, Madiha and Pedersen, Ted and Wang, Zhenduo},
   SORTNAME = {Swanberg, Kevin and Mirza, Madiha and Pedersen, Ted and Wang, Zhenduo},
   TITLE = {ALANIS at SemEval-2018 Task 3: A Feature Engineering Approach to Irony Detection in English Tweets}}
@INPROCEEDINGS{SemEval-2018-190,
   AUTHOR = {Chen, Zhimin and Song, Wei and Liu, Lizhen},
   SORTNAME = {Chen, Zhimin and Song, Wei and Liu, Lizhen},
   TITLE = {TRANSRW at SemEval-2018 Task 12: Transforming Semantic Representations for Argument Reasoning Comprehension}}
@INPROCEEDINGS{SemEval-2018-016,
   AUTHOR = {Dragoni, Mauro},
   SORTNAME = {Dragoni, Mauro},
   TITLE = {NEUROSENT-PDI at SemEval-2018 Task 3: Understanding Irony in Social Networks Through a Multi-Domain Sentiment Model}}
@INPROCEEDINGS{SemEval-2018-181,
   AUTHOR = {Nagoudi, El Moatez Billah},
   SORTNAME = {Nagoudi, El Moatez Billah},
   TITLE = {ARB-SEN at SemEval-2018 Task1: A New Set of Features for Enhancing the Sentiment Intensity Prediction in Arabic Tweets}}
@INPROCEEDINGS{SemEval-2018-014,
   AUTHOR = {Dragoni, Mauro},
   SORTNAME = {Dragoni, Mauro},
   TITLE = {NEUROSENT-PDI at SemEval-2018 Task 1: Leveraging a Multi-Domain Sentiment Model for Inferring Polarity in Micro-blog Text}}
@INPROCEEDINGS{SemEval-2018-039,
   AUTHOR = {Marrese-Taylor, Edison and Ilic, Suzana and Balazs, Jorge and Prendinger, Helmut and Matsuo, Yutaka},
   SORTNAME = {Marrese-Taylor, Edison and Ilic, Suzana and Balazs, Jorge and Prendinger, Helmut and Matsuo, Yutaka},
   TITLE = {IIIDYT at SemEval-2018 Task 3: Irony detection in English tweets}}
@INPROCEEDINGS{SemEval-2018-175,
   AUTHOR = {Kopev, Daniel and Atanasov, Atanas and Zlatkova, Dimitrina and Hardalov, Momchil and Koychev, Ivan and Nikolova, Ivelina and Angelova, Galia},
   SORTNAME = {Kopev, Daniel and Atanasov, Atanas and Zlatkova, Dimitrina and Hardalov, Momchil and Koychev, Ivan and Nikolova, Ivelina and Angelova, Galia},
   TITLE = {Tweety at SemEval-2018 Task 2: Predicting Emojis using Hierarchical Attention Neural Networks and Support Vector Machine}}
@INPROCEEDINGS{SemEval-2018-141,
   AUTHOR = {Brassard, Ana and Kuculo, Tin and Boltuzic, Filip and Šnajder, Jan},
   SORTNAME = {Brassard, Ana and Kuculo, Tin and Boltuzic, Filip and Snajder, Jan},
   TITLE = {TakeLab at SemEval-2018 Task12: Argument Reasoning Comprehension with Skip-Thought Vectors}}
@INPROCEEDINGS{SemEval-2018-164,
   AUTHOR = {Kotakonda, Bhaskar and Gowda, Prashanth and Lall, Brejesh},
   SORTNAME = {Kotakonda, Bhaskar and Gowda, Prashanth and Lall, Brejesh},
   TITLE = {IIT Delhi at SemEval-2018 Task 1 : Emotion Intensity Prediction}}
@INPROCEEDINGS{SemEval-2018-095,
   AUTHOR = {Dürlich, Luise},
   SORTNAME = {Durlich, Luise},
   TITLE = {KLUEnicorn at SemEval-2018 Task 3: A Naive Approach to Irony Detection}}
@INPROCEEDINGS{SemEval-2018-171,
   AUTHOR = {Issa Alaa Aldine, Ahmad and Harzallah, Mounira and Berio, Giuseppe and Béchet, Nicolas and Faour, Ahmad},
   SORTNAME = {Issa Alaa Aldine, Ahmad and Harzallah, Mounira and Berio, Giuseppe and Bechet, Nicolas and Faour, Ahmad},
   TITLE = {EXPR at SemEval-2018 Task 9: A Combined Approach for Hypernym Discovery}}
@INPROCEEDINGS{SemEval-2018-206,
   AUTHOR = {Mohammad, Saif and Bravo-Marquez, Felipe and Salameh, Mohammad and Kiritchenko, Svetlana},
   SORTNAME = {Mohammad, Saif and Bravo-Marquez, Felipe and Salameh, Mohammad and Kiritchenko, Svetlana},
   TITLE = {SemEval-2018 Task 1: Affect in Tweets}}
@INPROCEEDINGS{SemEval-2018-156,
   AUTHOR = {S, Angel Deborah and S, Rajalakshmi and Rajendram, S Milton and T T, Mirnalinee},
   SORTNAME = {S, Angel Deborah and S, Rajalakshmi and Rajendram, S Milton and T T, Mirnalinee},
   TITLE = {SSN MLRG1 at SemEval-2018 Task 1: Emotion and Sentiment Intensity Detection Using Rule Based Feature Selection}}
@INPROCEEDINGS{SemEval-2018-126,
   AUTHOR = {Kuijper, Marloes and van Lenthe, Mike and van Noord, Rik},
   SORTNAME = {Kuijper, Marloes and van Lenthe, Mike and van Noord, Rik},
   TITLE = {UG18 at SemEval-2018 Task 1: Generating Additional Training Data for Predicting Emotion Intensity in Spanish}}
@INPROCEEDINGS{SemEval-2018-144,
   AUTHOR = {Effrosynidis, Dimitrios and Peikos, Georgios and Symeonidis, Symeon and Arampatzis, Avi},
   SORTNAME = {Effrosynidis, Dimitrios and Peikos, Georgios and Symeonidis, Symeon and Arampatzis, Avi},
   TITLE = {DUTH at SemEval-2018 Task 2: Emoji Prediction in Tweets}}
@INPROCEEDINGS{SemEval-2018-033,
   AUTHOR = {Attia, Mohammed and Samih, Younes and Faruqui, Manaal and Maier, Wolfgang},
   SORTNAME = {Attia, Mohammed and Samih, Younes and Faruqui, Manaal and Maier, Wolfgang},
   TITLE = {GHH at SemEval-2018 Task 10: Discovering Discriminative Attributes in Distributional Semantics}}
@INPROCEEDINGS{SemEval-2018-167,
   AUTHOR = {Loyola, Pablo and Gajananan, Kugamoorthy and Watanabe, Yuji and Satoh, Fumiko},
   SORTNAME = {Loyola, Pablo and Gajananan, Kugamoorthy and Watanabe, Yuji and Satoh, Fumiko},
   TITLE = {Villani at SemEval-2018 Task 8: Semantic Extraction from Cybersecurity Reports using Representation Learning}}
@INPROCEEDINGS{SemEval-2018-135,
   AUTHOR = {Joshi, Anirudh and Baldwin, Timothy and Sinnott, Richard O. and Paris, Cecile},
   SORTNAME = {Joshi, Anirudh and Baldwin, Timothy and Sinnott, Richard O. and Paris, Cecile},
   TITLE = {UniMelb at SemEval-2018 Task 12: Generative Implication using LSTMs, Siamese Networks and Semantic Representations with Synonym Fuzzing}}
@INPROCEEDINGS{SemEval-2018-145,
   AUTHOR = {Nikhil, Nishant and Mayank Srivastava, Muktabh},
   SORTNAME = {Nikhil, Nishant and Mayank Srivastava, Muktabh},
   TITLE = {Binarizer at SemEval-2018 Task 3: Parsing dependency and deep learning for irony detection}}
@INPROCEEDINGS{SemEval-2018-137,
   AUTHOR = {Guobin, Sui and Wenhan, Chao and Zhunchen, Luo},
   SORTNAME = {Guobin, Sui and Wenhan, Chao and Zhunchen, Luo},
   TITLE = {Joker at SemEval-2018 Task 12: The Argument Reasoning Comprehension with Neural Attention}}
@INPROCEEDINGS{SemEval-2018-021,
   AUTHOR = {Zhang, Zhengxin and Zhou, Qimin and Wu, Hao},
   SORTNAME = {Zhang, Zhengxin and Zhou, Qimin and Wu, Hao},
   TITLE = {NLPZZX at SemEval-2018 Task 1: Using Ensemble Method for Emotion and Sentiment Intensity Determination}}
@INPROCEEDINGS{SemEval-2018-056,
   AUTHOR = {González, José-Ángel and Hurtado, Lluís-F. and Pla, Ferran},
   SORTNAME = {Gonzalez, Jose-Angel and Hurtado, Lluis-F. and Pla, Ferran},
   TITLE = {ELiRF-UPV at SemEval-2018 Tasks 1 and 3: Affect and Irony Detection in Tweets}}
@INPROCEEDINGS{SemEval-2018-204,
   AUTHOR = {Gábor, Kata and Buscaldi, Davide and Schumann, Anne-Kathrin and QasemiZadeh, Behrang and Zargayouna, Haifa and Charnois, Thierry},
   SORTNAME = {Gabor, Kata and Buscaldi, Davide and Schumann, Anne-Kathrin and QasemiZadeh, Behrang and Zargayouna, Haifa and Charnois, Thierry},
   TITLE = {SemEval-2018 Task 7: Semantic Relation Extraction and Classification in Scientific Papers}}
@INPROCEEDINGS{SemEval-2018-205,
   AUTHOR = {Van Hee, Cynthia and Lefever, Els and Hoste, Veronique},
   SORTNAME = {Van Hee, Cynthia and Lefever, Els and Hoste, Veronique},
   TITLE = {SemEval-2018 Task 3: Irony Detection in English Tweets}}
@INPROCEEDINGS{SemEval-2018-025,
   AUTHOR = {Plaza del Arco, Flor Miriam and Jiménez-Zafra, Salud María and Martin, Maite and Urena Lopez, L. Alfonso},
   SORTNAME = {Plaza del Arco, Flor Miriam and Jimenez-Zafra, Salud Maria and Martin, Maite and Urena Lopez, L. Alfonso},
   TITLE = {SINAI at SemEval-2018 Task 1: Emotion Recognition in Tweets}}
@INPROCEEDINGS{SemEval-2018-178,
   AUTHOR = {Abdullah, Malak and Shaikh, Samira},
   SORTNAME = {Abdullah, Malak and Shaikh, Samira},
   TITLE = {TeamUNCC at SemEval-2018 Task 1: Emotion Detection in English and Arabic Tweets using Deep Learning}}
@INPROCEEDINGS{SemEval-2018-160,
   AUTHOR = {Rangwani, Harsh and Kulshreshtha, Devang and Kumar Singh, Anil},
   SORTNAME = {Rangwani, Harsh and Kulshreshtha, Devang and Kumar Singh, Anil},
   TITLE = {NLPRL-IITBHU at SemEval-2018 Task 3: Combining Linguistic Features and Emoji pre-trained CNN for Irony Detection in Tweets}}
@INPROCEEDINGS{SemEval-2018-119,
   AUTHOR = {Zhao, Meiqian and Liu, Chunhua and Liu, Lu and Zhao, Yan and Yu, Dong},
   SORTNAME = {Zhao, Meiqian and Liu, Chunhua and Liu, Lu and Zhao, Yan and Yu, Dong},
   TITLE = {BLCU\_NLP at SemEval-2018 Task 12: An Ensemble Model for Argument Reasoning Based on Hierarchical Attention}}
@INPROCEEDINGS{SemEval-2018-152,
   AUTHOR = {Unnithan, Nidhin A and K, Shalini and Ganesh H. B., Barathi and Kumar M, Anand and K P, Soman},
   SORTNAME = {Unnithan, Nidhin A and K, Shalini and Ganesh H. B., Barathi and Kumar M, Anand and K P, Soman},
   TITLE = {Amrita\_student at SemEval-2018 Task 1: Distributed Representation of Social Media Text for Affects in Tweets}}
@INPROCEEDINGS{SemEval-2018-020,
   AUTHOR = {Vossen, Piek},
   SORTNAME = {Vossen, Piek},
   TITLE = {NewsReader at SemEval-2018 Task 5: Counting events by reasoning over event-centric-knowledge-graphs}}
@INPROCEEDINGS{SemEval-2018-100,
   AUTHOR = {Gao, Zi Yuan and Chen, Chia-Ping},
   SORTNAME = {Gao, Zi Yuan and Chen, Chia-Ping},
   TITLE = {deepSA2018 at SemEval-2018 Task 1: Multi-task Learning of Different Label for Affect in Tweets}}
@INPROCEEDINGS{SemEval-2018-027,
   AUTHOR = {Brychcín, Tomáš and Hercig, Tomáš and Steinberger, Josef and Konkol, Michal},
   SORTNAME = {Brychcin, Tomas and Hercig, Tomas and Steinberger, Josef and Konkol, Michal},
   TITLE = {UWB at SemEval-2018 Task 10: Capturing Discriminative Attributes from Word Distributions}}
@INPROCEEDINGS{SemEval-2018-089,
   AUTHOR = {Qingxun, Liu and Hongdou, Yao and Xaobing, Zhou and Ge, Xie},
   SORTNAME = {Qingxun, Liu and Hongdou, Yao and Xaobing, Zhou and Ge, Xie},
   TITLE = {YNU\_AI1799 at SemEval-2018 Task 11: Machine Comprehension using Commonsense Knowledge of Different model ensemble}}
@INPROCEEDINGS{SemEval-2018-094,
   AUTHOR = {Wang, Min and Zhou, Xiaobing},
   SORTNAME = {Wang, Min and Zhou, Xiaobing},
   TITLE = {Yuan at SemEval-2018 Task 1: Tweets Emotion Intensity Prediction using Ensemble Recurrent Neural Network}}
@INPROCEEDINGS{SemEval-2018-034,
   AUTHOR = {Daval-Frerot, Guillaume and Bouchekif, Abdesselam and Moreau, Anatole},
   SORTNAME = {Daval-Frerot, Guillaume and Bouchekif, Abdesselam and Moreau, Anatole},
   TITLE = {Epita at SemEval-2018 Task 1: Sentiment Analysis Using Transfer Learning Approach}}
@INPROCEEDINGS{SemEval-2018-065,
   AUTHOR = {Husseini Orabi, Ahmed and Husseini Orabi, Mahmoud and Inkpen, Diana and Van Bruwaene, David},
   SORTNAME = {Husseini Orabi, Ahmed and Husseini Orabi, Mahmoud and Inkpen, Diana and Van Bruwaene, David},
   TITLE = {uOttawa at SemEval-2018 Task 1: Self-Attentive Hybrid GRU-Based Network}}
@INPROCEEDINGS{SemEval-2018-105,
   AUTHOR = {Tian, Junfeng and Lan, Man and Wu, Yuanbin},
   SORTNAME = {Tian, Junfeng and Lan, Man and Wu, Yuanbin},
   TITLE = {ECNU at SemEval-2018 Task 12: An End-to-End Attention-based Neural Network for the Argument Reasoning Comprehension Task}}
@INPROCEEDINGS{SemEval-2018-154,
   AUTHOR = {S, Rajalakshmi and S, Angel Deborah and Rajendram, S Milton and T T, Mirnalinee},
   SORTNAME = {S, Rajalakshmi and S, Angel Deborah and Rajendram, S Milton and T T, Mirnalinee},
   TITLE = {SSN MLRG1 at SemEval-2018 Task 3: Irony Detection in English Tweets Using MultiLayer Perceptron}}
@INPROCEEDINGS{SemEval-2018-063,
   AUTHOR = {Ghosh, Aniruddha and Veale, Tony},
   SORTNAME = {Ghosh, Aniruddha and Veale, Tony},
   TITLE = {IronyMagnet at SemEval-2018 Task 3: A Siamese network for Irony detection in Social media}}
@INPROCEEDINGS{SemEval-2018-068,
   AUTHOR = {Arroyo-Fernández, Ignacio and Meza Ruiz, Ivan Vladimir and Meéndez-Cruz, Carlos-Francisco},
   SORTNAME = {Arroyo-Fernandez, Ignacio and Meza Ruiz, Ivan Vladimir and Meendez-Cruz, Carlos-Francisco},
   TITLE = {UNAM at SemEval-2018 Task 10: Unsupervised Semantic Discriminative Attribute Identification in Neural Word Embedding Cones}}
@INPROCEEDINGS{SemEval-2018-086,
   AUTHOR = {Speer, Robert and Lowry-Duda, Joanna},
   SORTNAME = {Speer, Robert and Lowry-Duda, Joanna},
   TITLE = {Luminoso at SemEval-2018 Task 10: Distinguishing Attributes Using Text Corpora and Relational Knowledge}}
@INPROCEEDINGS{SemEval-2018-102,
   AUTHOR = {Sheng, Yixuan and Lan, Man and Wu, Yuanbin},
   SORTNAME = {Sheng, Yixuan and Lan, Man and Wu, Yuanbin},
   TITLE = {ECNU at SemEval-2018 Task 11: Using Deep Learning Method to Address Machine Comprehension Task}}
@INPROCEEDINGS{SemEval-2018-133,
   AUTHOR = {Kim, Youngmin and Lee, Hyunju},
   SORTNAME = {Kim, Youngmin and Lee, Hyunju},
   TITLE = {DMCB at SemEval-2018 Task 1: Transfer Learning of Sentiment Classification Using Group LSTM for Emotion Intensity prediction}}
@INPROCEEDINGS{SemEval-2018-143,
   AUTHOR = {Hassan, Arshia Zernab and Vallabhajosyula, Manikya Swathi and Pedersen, Ted},
   SORTNAME = {Hassan, Arshia Zernab and Vallabhajosyula, Manikya Swathi and Pedersen, Ted},
   TITLE = {UMDuluth-CS8761 at SemEval-2018 Task9: Hypernym Discovery using Hearst Patterns, Co-occurrence frequencies and Word Embeddings}}
@INPROCEEDINGS{SemEval-2018-113,
   AUTHOR = {Baziotis, Christos and Nikolaos, Athanasiou and Kolovou, Athanasia and Paraskevopoulos, Georgios and Ellinas, Nikolaos and Potamianos, Alexandros},
   SORTNAME = {Baziotis, Christos and Nikolaos, Athanasiou and Kolovou, Athanasia and Paraskevopoulos, Georgios and Ellinas, Nikolaos and Potamianos, Alexandros},
   TITLE = {NTUA-SLP at SemEval-2018 Task 2: Predicting Emojis using RNNs with Context-aware Attention}}
@INPROCEEDINGS{SemEval-2018-087,
   AUTHOR = {Ahmad, Tariq and Ramsay, Allan and Ahmed, Hanady},
   SORTNAME = {Ahmad, Tariq and Ramsay, Allan and Ahmed, Hanady},
   TITLE = {CENTEMENT at SemEval-2018 Task 1: Classification of Tweets using Multiple Thresholds with Self-correction and Weighted Conditional Probabilities}}
@INPROCEEDINGS{SemEval-2018-053,
   AUTHOR = {Liu, Wenjie and Sun, Chengjie and Lin, Lei and Liu, Bingquan},
   SORTNAME = {Liu, Wenjie and Sun, Chengjie and Lin, Lei and Liu, Bingquan},
   TITLE = {ITNLP-ARC at SemEval-2018 Task 12: Argument Reasoning Comprehension with Attention}}
@INPROCEEDINGS{SemEval-2018-149,
   AUTHOR = {Xia, Jiangnan},
   SORTNAME = {Xia, Jiangnan},
   TITLE = {Jiangnan at SemEval-2018 Task 11: Deep Neural Network with Attention Method for Machine Comprehension Task}}
@INPROCEEDINGS{SemEval-2018-180,
   AUTHOR = {Zhang, Alexander and Carpuat, Marine},
   SORTNAME = {Zhang, Alexander and Carpuat, Marine},
   TITLE = {UMD at SemEval-2018 Task 10: Can Word Embeddings Capture Discriminative Attributes?}}
@INPROCEEDINGS{SemEval-2018-101,
   AUTHOR = {Xu, Huimin and Lan, Man and Wu, Yuanbin},
   SORTNAME = {Xu, Huimin and Lan, Man and Wu, Yuanbin},
   TITLE = {ECNU at SemEval-2018 Task 1: Emotion Intensity Prediction Using Effective Features and Machine Learning Models}}
