@INPROCEEDINGS{naacl2018-demos-1506,
   AUTHOR = {Vu, Thanh and Nguyen, Dat Quoc and Nguyen, Dai Quoc and Dras, Mark and Johnson, Mark},
   SORTNAME = {Vu, Thanh and Nguyen, Dat Quoc and Nguyen, Dai Quoc and Dras, Mark and Johnson, Mark},
   TITLE = {VnCoreNLP: A Vietnamese Natural Language Processing Toolkit}}
@INPROCEEDINGS{naacl2018-demos-1537,
   AUTHOR = {Gokcen, Ajda and Hill, Ethan and White, Michael},
   SORTNAME = {Gokcen, Ajda and Hill, Ethan and White, Michael},
   TITLE = {Madly Ambiguous: A Game for Learning about Structural Ambiguity and Why It's Hard for Computers}}
@INPROCEEDINGS{naacl2018-demos-1502,
   AUTHOR = {Deleris, Lea and Bonin, Francesca and Daly, Elizabeth and Deparis, Stephane and Hou, Yufang and Jochim, Charles and Lassoued, Yassine and Levacher, Killian},
   SORTNAME = {Deleris, Lea and Bonin, Francesca and Daly, Elizabeth and Deparis, Stephane and Hou, Yufang and Jochim, Charles and Lassoued, Yassine and Levacher, Killian},
   TITLE = {Know Who Your Friends Are: Understanding Social Connections from Unstructured Text}}
@INPROCEEDINGS{naacl2018-demos-1533,
   AUTHOR = {Singh, Mayank and Dogga, Pradeep and Patro, Sohan and Barnwal, Dhiraj and Dutt, Ritam and Haldar, Rajarshi and Goyal, Pawan and Mukherjee, Animesh},
   SORTNAME = {Singh, Mayank and Dogga, Pradeep and Patro, Sohan and Barnwal, Dhiraj and Dutt, Ritam and Haldar, Rajarshi and Goyal, Pawan and Mukherjee, Animesh},
   TITLE = {CL Scholar: The ACL Anthology Knowledge Graph Miner}}
@INPROCEEDINGS{naacl2018-demos-1503,
   AUTHOR = {Deleris, Lea and Ganguly, Debasis and Levacher, killian and Stephenson, Martin and Bonin, Francesca},
   SORTNAME = {Deleris, Lea and Ganguly, Debasis and Levacher, killian and Stephenson, Martin and Bonin, Francesca},
   TITLE = {Decision Conversations Decoded}}
@INPROCEEDINGS{naacl2018-demos-1512,
   AUTHOR = {Kim, Sujeong and Salter, David and DeLuccia, Luke and Son, Kilho and Amer, Mohamed R. and Tamrakar, Amir},
   SORTNAME = {Kim, Sujeong and Salter, David and DeLuccia, Luke and Son, Kilho and Amer, Mohamed R. and Tamrakar, Amir},
   TITLE = {SMILEE: Symmetric Multi-modal Interactions with Language-gesture Enabled (AI) Embodiment}}
@INPROCEEDINGS{naacl2018-demos-1528,
   AUTHOR = {Jaradat, Israa and Gencheva, Pepa and Barrón-Cedeño, Alberto and Màrquez, Lluís and Nakov, Preslav},
   SORTNAME = {Jaradat, Israa and Gencheva, Pepa and Barron-Cedeno, Alberto and Marquez, Lluis and Nakov, Preslav},
   TITLE = {ClaimRank: Detecting Check-Worthy Claims in Arabic and English}}
@INPROCEEDINGS{naacl2018-demos-1514,
   AUTHOR = {Zhang, Boliang and Lin, Ying and Pan, Xiaoman and Lu, Di and May, Jonathan and Knight, Kevin and Ji, Heng},
   SORTNAME = {Zhang, Boliang and Lin, Ying and Pan, Xiaoman and Lu, Di and May, Jonathan and Knight, Kevin and Ji, Heng},
   TITLE = {ELISA-EDL: A Cross-lingual Entity Extraction, Linking and Localization System}}
@INPROCEEDINGS{naacl2018-demos-1517,
   AUTHOR = {Schneider, Andrew and Male, John and Bhogadhi, Saroja and Dragut, Eduard},
   SORTNAME = {Schneider, Andrew and Male, John and Bhogadhi, Saroja and Dragut, Eduard},
   TITLE = {DebugSL: An Interactive Tool for Debugging Sentiment Lexicons}}
@INPROCEEDINGS{naacl2018-demos-1536,
   AUTHOR = {Fang, Hao and Cheng, Hao and Sap, Maarten and Clark, Elizabeth and Holtzman, Ari and Choi, Yejin and Smith, Noah A. and Ostendorf, Mari},
   SORTNAME = {Fang, Hao and Cheng, Hao and Sap, Maarten and Clark, Elizabeth and Holtzman, Ari and Choi, Yejin and Smith, Noah A. and Ostendorf, Mari},
   TITLE = {Sounding Board: A User-Centric and Content-Driven Social Chatbot}}
@INPROCEEDINGS{naacl2018-demos-1513,
   AUTHOR = {spinks, graham and Moens, Marie-Francine},
   SORTNAME = {spinks, graham and Moens, Marie-Francine},
   TITLE = {Generating Continuous Representations of Medical Texts}}
@INPROCEEDINGS{naacl2018-demos-1525,
   AUTHOR = {Liu, Yu-Wen and Liu, Liang-Chih and Wang, Chuan-Ju and Tsai, Ming-Feng},
   SORTNAME = {Liu, Yu-Wen and Liu, Liang-Chih and Wang, Chuan-Ju and Tsai, Ming-Feng},
   TITLE = {RiskFinder: A Sentence-level Risk Detector for Financial Reports}}
@INPROCEEDINGS{naacl2018-demos-1523,
   AUTHOR = {Maheshwari, Ayush and kumar, vishwajeet and Ramakrishnan, Ganesh and Nath, J. Saketha},
   SORTNAME = {Maheshwari, Ayush and kumar, vishwajeet and Ramakrishnan, Ganesh and Nath, J. Saketha},
   TITLE = {Entity Resolution and Location Disambiguation in the Ancient Hindu Temples Domain using Web Data}}
@INPROCEEDINGS{naacl2018-demos-1527,
   AUTHOR = {Steele, David and Specia, Lucia},
   SORTNAME = {Steele, David and Specia, Lucia},
   TITLE = {Vis-Eval Metric Viewer: A Visualisation Tool for Inspecting and Evaluating Metric Scores of Machine Translation Output}}
@INPROCEEDINGS{naacl2018-demos-1508,
   AUTHOR = {Schreiber, Marc and Kraft, Bodo and Zündorf, Albert},
   SORTNAME = {Schreiber, Marc and Kraft, Bodo and Zundorf, Albert},
   TITLE = {NLP Lean Programming Framework: Developing NLP Applications More Effectively}}
@INPROCEEDINGS{naacl2018-demos-1521,
   AUTHOR = {Liang, Yiyun and Tu, Zhucheng and Huang, Laetitia and Lin, Jimmy},
   SORTNAME = {Liang, Yiyun and Tu, Zhucheng and Huang, Laetitia and Lin, Jimmy},
   TITLE = {CNNs for NLP in the Browser: Client-Side Deployment and Visualization Opportunities}}
@INPROCEEDINGS{naacl2018-demos-1504,
   AUTHOR = {Ruder, Sebastian and Glover, John and Mehrabani, Afshin and Ghaffari, Parsa},
   SORTNAME = {Ruder, Sebastian and Glover, John and Mehrabani, Afshin and Ghaffari, Parsa},
   TITLE = {360° Stance Detection}}
@INPROCEEDINGS{naacl2018-demos-1510,
   AUTHOR = {Stab, Christian and Daxenberger, Johannes and Stahlhut, Chris and Miller, Tristan and Schiller, Benjamin and Tauchmann, Christopher and Eger, Steffen and Gurevych, Iryna},
   SORTNAME = {Stab, Christian and Daxenberger, Johannes and Stahlhut, Chris and Miller, Tristan and Schiller, Benjamin and Tauchmann, Christopher and Eger, Steffen and Gurevych, Iryna},
   TITLE = {ArgumenText: Searching for Arguments in Heterogeneous Sources}}
@INPROCEEDINGS{naacl2018-demos-1535,
   AUTHOR = {Finley, Gregory and Edwards, Erik and Robinson, Amanda and Brenndoerfer, Michael and Sadoughi, Najmeh and Fone, James and Axtmann, Nico and Miller, Mark and Suendermann-Oeft, David},
   SORTNAME = {Finley, Gregory and Edwards, Erik and Robinson, Amanda and Brenndoerfer, Michael and Sadoughi, Najmeh and Fone, James and Axtmann, Nico and Miller, Mark and Suendermann-Oeft, David},
   TITLE = {An automated medical scribe for documenting clinical encounters}}
@INPROCEEDINGS{naacl2018-demos-1515,
   AUTHOR = {Tu, Zhucheng and Li, Mengping and Lin, Jimmy},
   SORTNAME = {Tu, Zhucheng and Li, Mengping and Lin, Jimmy},
   TITLE = {Pay-Per-Request Deployment of Neural Network Models Using Serverless Architectures}}
